3746 5680
661 533 799 590 CANTUS
823 536 953 590 NONUS.
1349 527 1393 592 15

220 680 283 755 rici
309 698 423 773 quam
456 675 528 770 alii,
560 676 659 769 quod
685 684 760 752 tota
790 699 889 772 aqua
920 698 1004 772 quae
1037 678 1122 752 lacit
1153 678 1256 754 nobis
1290 699 1395 754 mare

219 799 531 874 mediterraneum
560 796 659 889 quod
684 797 820 871 labitur
845 818 911 892 per
936 804 1101 871 nostram
1124 804 1262 872 terram
1290 799 1393 872 habi-

218 919 379 1011 tabilem,
409 918 521 990 intrat
551 922 689 991 terram
724 917 819 992 inter
849 918 1008 992 Africam
1045 924 1082 992 et
1114 917 1320 1012 Hispaniam
1357 920 1392 993 ln

220 1043 387 1112 extremo
412 1035 615 1110 Occidentis
640 1055 704 1130 per
734 1044 935 1133 angustum
967 1037 1172 1129 brachium,
1207 1039 1306 1132 quod
1340 1038 1394 1112 di-

220 1157 316 1230 citur
346 1155 514 1229 strictum
546 1153 678 1228 Sibiliae
711 1155 819 1250 juxta
859 1162 1022 1230 montem
1054 1156 1288 1231 Gibeltanum
1323 1165 1392 1232 etc.

220 1277 325 1348 Nunc
350 1274 397 1348 ad
422 1274 566 1348 literam
591 1273 677 1347 dicit
701 1281 830 1348 autor:
857 1280 904 1347 Le
926 1279 1052 1367 parole
1075 1296 1147 1367 scre,
1177 1276 1324 1369 scilicet,
1351 1276 1395 1348 il-

220 1397 301 1490 lius,
325 1397 576 1468 §menodoro
601 1397 706 1486 odor,
735 1397 861 1490 supple
887 1396 1027 1471 dicere:
1055 1399 1091 1468 lo
1115 1399 1281 1488 mappior
1301 1398 1395 1468 ootlc

220 1519 258 1588 io
273 1517 333 1588 che
349 1517 371 1587 Γ
379 1533 493 1606 acqua
507 1516 539 1585 ci
554 1515 707 1605 mande
720 1514 823 1608 idest,
838 1535 942 1590 mare
957 1515 1280 1608 mediterraneum,
1295 1515 1393 1609 quod

221 1635 353 1709 dicitur
370 1652 475 1707 mare
492 1632 622 1726 leonis3
637 1639 675 1706 et
691 1633 776 1708 lacit
796 1633 1048 1729 exceptionem
1065 1635 1113 1709 ad
1130 1634 1392 1710 verificandum

221 1754 359 1828 dictum
385 1775 508 1846 suum,
530 1752 673 1827 dicens:
696 1757 782 1846 soor·
811 1756 849 1827 di
873 1757 951 1846 quel
974 1775 1087 1844 more,
1113 1755 1249 1829 scilicet
1280 1755 1394 1829 Ocea-

225 1893 327 1966 num,
344 1875 403 1946 coe
426 1876 655 1964 umbricolis
680 1877 717 1946 ta
743 1883 854 1963 terra,
872 1873 963 1948 idest
984 1873 1095 1969 cingit
1119 1880 1233 1947 lotam
1255 1880 1393 1948 terram

224 1993 430 2066 incircuitu
448 1992 484 2065 in
507 1992 660 2066 modum
679 2013 837 2086 coronae,
860 1998 958 2065 tanto
973 2014 1033 2065 sen
1052 2014 1112 2083 ou,
1130 1992 1231 2085 idest,
1249 1999 1392 2066 tanturn

224 2112 433 2187 extenditur
464 2132 531 2206 per
564 2120 716 2205 terram,
742 2120 800 2185 tra
829 2115 1047 2186 dr'scordonti
1071 2115 1132 2204 liti,
1166 2113 1268 2203 idest,
1299 2114 1394 2186 inter

226 2230 300 2305 duo
324 2232 432 2306 lilora
449 2251 534 2324 quae
553 2238 638 2305 sunt
664 2231 906 2306 discordantia
923 2233 960 2305 in
977 2233 1166 2325 omnibus;
1188 2233 1270 2306 hinc
1296 2232 1394 2306 enim

226 2357 310 2423 sunt
335 2351 532 2443 christiani,
559 2350 642 2424 inde
667 2351 852 2443 saraceni3
877 2352 936 2425 hic
962 2351 1088 2447 frigus
1113 2351 1161 2424 ihi
1187 2353 1287 2425 calor
1312 2357 1394 2443 etc,

227 2489 245 2540 e
269 2475 393 2542 corrtro
417 2473 457 2542 ol
478 2471 562 2561 sole,
591 2469 682 2543 idest
706 2476 833 2543 contra
860 2478 983 2543 orlum
1003 2471 1087 2545 solis
1104 2472 1181 2545 sive
1198 2471 1394 2562 levantem,

227 2592 286 2660 cte
307 2593 350 2680 so
375 2591 584 2680 meridiane,
613 2588 700 2682 quia
725 2589 860 2662 scilicet
886 2589 983 2663 vadit
1008 2610 1128 2683 usque
1153 2591 1395 2682 Hierusalem,

226 2728 308 2801 quae
333 2714 388 2781 est
413 2707 451 2780 in
478 2708 597 2782 medio
624 2713 758 2782 nostrae
771 2713 882 2782 terrae
907 2708 1123 2800 habitabilis,
1141 2708 1234 2782 sicut
1254 2709 1392 2782 dictum

224 2834 279 2900 est
296 2827 402 2921 plene
415 2827 577 2902 secundo
590 2828 749 2921 capitulo
763 2828 967 2923 Purgatorii
982 2835 1063 2920 eto,
1077 2834 1114 2901 et
1131 2828 1239 2901 dicit:
1258 2818 1397 2900 lddooc

220 2950 304 3038 prio
328 2949 406 3020 mol
425 2951 490 3040 sor
514 2949 744 3037 l’orizzootc,
771 2947 873 3040 idest,
900 2948 937 3020 in
971 2968 1045 3042 qua
1078 2955 1178 3020 terra
1207 2946 1393 3020 habitabili

223 3066 317 3141 dicta
336 3088 434 3161 aqua
453 3067 535 3141 lacit
552 3067 780 3141 horizontem
797 3073 998 3159 antequam
1022 3068 1168 3142 recedat
1184 3068 1232 3140 ab
1249 3069 1396 3141 Oceano

223 3193 261 3260 et
297 3188 407 3262 intret
445 3193 596 3281 terram,
623 3188 710 3281 quia
745 3188 782 3260 in
812 3192 981 3260 extremo
1012 3194 1121 3260 terrae
1155 3195 1210 3261 est
1244 3187 1397 3264 horizon

226 3306 327 3402 large
352 3307 545 3401 loquendo.
561 3347 610 3360 —
623 3310 671 3380 Di
695 3309 819 3398 puella.
847 3307 912 3380 llic
937 3306 1083 3400 Fulcus,
1111 3307 1301 3400 praemissa
1327 3307 1395 3381 ista

225 3425 411 3519 positione,
437 3448 535 3501 nunc
560 3427 731 3520 exprimit
757 3446 863 3501 suam
889 3425 1057 3520 patriam,
1090 3424 1236 3500 dicens:
1273 3429 1314 3498 lo
1344 3429 1398 3518 soi

226 3549 391 3620 litterano
423 3549 461 3620 di
492 3549 606 3638 quello
640 3551 743 3642 valle,
776 3547 878 3637 idest,
905 3547 1113 3620 maritimus
1149 3547 1332 3620 habitator
1358 3546 1395 3617 in

227 3665 331 3741 litore
347 3672 473 3740 nostro
490 3666 599 3740 huius
614 3665 726 3741 maris
740 3666 1008 3740 mediterranei.
1029 3667 1072 3738 Et
1090 3665 1260 3740 describit
1282 3666 1397 3760 ipsam

226 3786 381 3879 patriam
413 3807 436 3860 a
465 3787 687 3879 lluminibus,
718 3786 865 3861 dicens:
897 3793 956 3858 tro
985 3788 1081 3859 Edro
1112 3809 1130 3859 o
1162 3792 1315 3859 Macro:
1344 3793 1399 3861 est

225 3905 323 3978 euim
345 3907 465 3980 libros
486 3908 619 3981 lluvius
644 3907 742 4002 apud
767 3906 959 3980 Massiliam
991 3914 1059 3980 etc.
1079 3908 1200 3980 Macra
1226 3927 1315 3980 vero
1342 3913 1397 3979 est

225 4024 358 4099 llurius
385 4047 497 4122 rapax
523 4027 619 4122 apud
646 4027 830 4101 civitatem
856 4027 969 4100 Luuae
994 4047 1060 4120 per
1080 4026 1223 4117 vallem,
1242 4044 1327 4119 quae
1343 4025 1399 4100 di-

224 4143 319 4217 citur
344 4145 525 4220 Lunisana
561 4147 596 4220 in
627 4147 831 4220 confinibus
864 4147 1014 4220 Tusciae.
1048 4146 1151 4220 Unde
1182 4146 1289 4219 dicit:
1323 4148 1396 4240 che,

224 4261 324 4356 idest,
350 4265 413 4356 qui
439 4265 571 4358 hlacra,
599 4273 703 4359 parte
731 4269 759 4338 il
790 4268 963 4339 Germccso
996 4267 1059 4338 dol
1093 4270 1263 4356 romono,
1290 4266 1398 4360 juxta

225 4381 334 4456 illud:
367 4387 496 4458 Tmolo
526 4389 678 4478 confines
703 4407 816 4478 more,
845 4389 986 4475 Maca,
1017 4384 1128 4476 prcr
1161 4392 1195 4458 et
1226 4390 1399 4478 Alpes.-

226 4504 282 4574 nd
305 4523 386 4576 ono.
418 4503 483 4578 llic
507 4505 642 4580 Fulcus
674 4506 795 4580 adhuc
820 4505 990 4579 describit
1023 4505 1158 4580 clarius
1192 4527 1297 4579 suam
1333 4527 1399 4600 pa-

228 4621 349 4716 lriam,
365 4631 403 4697 et
428 4644 451 4697 a
477 4623 547 4699 situ
571 4634 609 4700 et
630 4647 652 4700 a
671 4625 899 4701 memorabili
916 4625 990 4699 lato
1007 4625 1097 4700 eius.
1116 4627 1161 4699 nt
1176 4626 1260 4700 dicit
1278 4625 1398 4719 primo
