3746 5680
497 537 545 604 to
889 547 1093 602 counnruu
1117 547 1284 600 ranunrsr

495 693 558 766 bat
575 715 720 767 moram
735 687 773 786 (⁴)
791 693 827 765 in
840 691 1005 786 partibus
1018 691 1249 765 bombardiae
1267 688 1452 784 praecipue
1469 689 1506 762 in
1523 690 1670 765 civitate

495 813 626 907 Papiae,
656 814 717 887 ubi
744 814 792 888 ab
818 833 893 886 uno
919 832 965 885 ex
993 811 1196 886 fautoribus
1221 810 1434 884 Theodorici
1460 811 1669 906 strangula-

495 940 555 1006 tus
581 941 655 1028 est;
681 933 767 1008 alibi
792 939 917 1007 autem
942 932 1075 1027 reperii
1098 932 1196 1025 quod
1218 931 1255 1004 in
1281 929 1466 1005 territorio
1494 930 1671 1005 mediola-

495 1054 597 1126 nensi
619 1061 687 1128 etc.
706 1056 845 1128 Tamen
871 1060 1040 1126 constans
1067 1051 1187 1146 opinio
1213 1058 1268 1125 est
1297 1050 1334 1122 in
1365 1048 1511 1124 civitate
1536 1050 1669 1143 Papiae,

495 1175 593 1267 quod
612 1175 762 1267 qnidam
783 1174 871 1247 civis
890 1172 1069 1268 papiensis
1090 1179 1218 1246 contra
1235 1191 1348 1264 quem
1370 1170 1519 1244 Boetius
1534 1162 1571 1261 (²)
1589 1177 1670 1244 erat

495 1293 695 1367 advocatus
728 1293 907 1367 interiecit
940 1311 1039 1366 eum.
1074 1292 1179 1365 Nunc
1213 1311 1304 1385 ergo
1333 1290 1381 1364 ad
1413 1289 1558 1363 literam
1584 1289 1669 1363 dicit

495 1414 675 1487 Thomas:
704 1417 753 1485 Lo
785 1433 896 1504 corpo
930 1414 1012 1484 ond’
1025 1414 1093 1484 ella
1122 1415 1163 1505 su
1196 1412 1365 1500 caenob,
1391 1410 1495 1502 idest,
1520 1429 1567 1482 ex
1594 1430 1669 1502 quo

496 1531 675 1607 violenter
705 1532 772 1606 luit
809 1532 961 1626 expulsa
991 1531 1069 1625 ipsa
1106 1530 1229 1604 anima
1264 1535 1389 1603 sancta
1414 1528 1541 1623 Boetii,
1572 1533 1670 1620 piore

496 1656 609 1745 pinso,
638 1653 740 1745 idest,
767 1654 952 1747 sepultum
978 1658 1032 1726 est
1058 1651 1094 1723 in
1122 1650 1272 1744 mundo,
1290 1654 1328 1722 in
1348 1653 1545 1742 Cietdouro,
1566 1649 1670 1743 idest,

497 1772 533 1845 in
560 1772 782 1847 monasterio
808 1773 907 1867 quod
934 1772 1138 1866 appellatur
1171 1771 1307 1846 coelum
1333 1792 1506 1864 aureum,
1532 1771 1568 1844 in
1594 1792 1670 1865 quo

496 1891 643 1985 quidem
671 1893 895 1967 monasterio
929 1898 984 1966 est
1014 1892 1124 1966 etiam
1160 1911 1293 1985 corpus
1319 1891 1516 1965 beatissimi
1541 1893 1672 1986 Augu-

498 2010 579 2084 stini
606 2011 643 2083 in
668 2012 815 2086 civitate
839 2011 971 2106 Papiae,
990 2031 1075 2104 quae
1096 2010 1183 2084 olim
1202 2011 1454 2106 appellabatur
1471 2010 1615 2083 Ticinus
1629 2001 1669 2101 (³)

496 2153 518 2205 a
545 2132 693 2205 nomine
718 2131 900 2226 perspicui
927 2131 1098 2224 lluminis,
1117 2151 1319 2225 superque
1346 2132 1413 2205 sita
1439 2139 1517 2206 est:
1543 2139 1670 2225 postea

496 2258 621 2325 autem
648 2250 743 2323 dicta
769 2257 825 2324 est
850 2249 972 2344 Papia,
1006 2251 1097 2324 idest
1128 2251 1361 2326 admirabilis.
1399 2253 1442 2325 Et
1473 2251 1614 2325 subdit:
1639 2257 1674 2322 et

496 2390 587 2459 essa,
613 2369 760 2461 scilicet,
786 2369 909 2443 anima
935 2370 1002 2444 ista
1018 2371 1144 2464 Boetii,
1168 2393 1276 2444 venne
1300 2394 1326 2444 a
1350 2379 1469 2464 questo
1483 2393 1584 2464 pace,
1602 2370 1671 2444 sci-

497 2487 591 2580 licet,
618 2495 808 2581 aeternam,
835 2492 883 2562 da
909 2494 1059 2563 martiro
1084 2511 1103 2562 e
1127 2494 1176 2563 du
1201 2495 1309 2582 enlm,
1335 2493 1422 2584 quia
1448 2512 1515 2586 pro
1530 2489 1671 2586 justitia

498 2613 535 2681 et
560 2607 727 2681 libertate
753 2610 942 2701 usquead
970 2617 1128 2685 mortem
1156 2613 1342 2707 pugnavit.
1365 2615 1410 2686 Et
1427 2613 1545 2687 utitur
1561 2618 1670 2686 autor

497 2727 626 2801 ordine
644 2736 882 2823 praepostero:
897 2730 1016 2825 primo
1034 2732 1132 2804 enim
1151 2732 1267 2827 tangit
1284 2733 1523 2827 sepulturam,
1542 2730 1672 2804 deinde

498 2855 669 2942 mortem,
689 2848 818 2923 ultimo
839 2849 1015 2944 exilium3
1034 2857 1159 2926 tamen
1177 2851 1279 2944 prius
1297 2853 1364 2926 luit
1385 2853 1548 2946 exilium,
1566 2852 1669 2926 deiu-

495 2969 542 3043 de
568 2989 679 3063 mom,
720 2971 829 3045 tertio
853 2973 1054 3066 sepultura.
1069 3011 1119 3025 —
1140 2975 1221 3044 Vedi
1245 2975 1343 3045 oltre.
1379 2973 1443 3047 llic
1468 2980 1579 3048 autor
1602 2973 1669 3048 de·

495 3088 619 3162 scribit
645 3097 720 3164 tres
745 3091 887 3164 animas
919 3099 1062 3164 sanctas
1093 3091 1203 3164 simul
1235 3092 1348 3165 trium
1381 3092 1600 3184 doctorum;
1634 3098 1671 3168 et

496 3209 615 3302 primo
647 3209 785 3304 Isidori,
818 3211 979 3285 secundo
1009 3211 1127 3305 Bedae,
1159 3212 1268 3286 tertio
1302 3213 1482 3287 Richardi.
1513 3214 1671 3288 Isidorus

496 3329 563 3401 luit
589 3329 761 3424 hispanus
793 3332 984 3426 episcopus
1009 3331 1232 3427 hispalensis,
1259 3334 1527 3428 bonushomo,
1555 3336 1671 3408 multa

497 3447 646 3540 scripsit.
674 3449 772 3524 Beda
794 3450 861 3523 luit
880 3451 1051 3526 sacerdos
1069 3453 1234 3549 anglicus
1251 3460 1288 3527 et
1304 3453 1508 3548 appellatur
1526 3474 1671 3549 semper

498 3566 724 3661 venerabilis,
743 3570 911 3662 quamvis
936 3572 1188 3666 canonizatus3
1206 3573 1305 3666 quod
1332 3593 1468 3647 nomen
1493 3575 1669 3668 scriptum

497 3691 552 3758 est
577 3685 624 3759 ab
649 3686 789 3783 Angelo
821 3689 858 3762 in
887 3689 967 3764 eius
997 3693 1197 3784 sepultura.
1225 3690 1295 3765 Diu
1326 3692 1428 3787 vixit,
1453 3693 1545 3768 adeo
1571 3694 1670 3786 quod

497 3807 577 3882 eius
606 3808 703 3881 oculi
730 3809 840 3882 nimia
867 3817 1055 3884 senectute
1080 3811 1334 3907 caligaverunt
1364 3821 1432 3888 etc.
1469 3813 1671 3888 Richardus

497 3929 565 4002 suit
589 3930 791 4004 monachus
818 3930 932 4004 irater
957 3929 1120 4027 Hugonis
1137 3933 1184 4007 de
1203 3940 1329 4006 sancto
1351 3933 1510 4026 Victore,
1528 3934 1575 4009 de
1595 3955 1671 4028 quo

496 4049 637 4123 dicetur
655 4049 818 4124 inferiori
836 4051 1006 4145 capitulo.
1025 4052 1079 4125 Ad
1097 4053 1240 4126 literam
1267 4074 1369 4149 ergo,
1387 4054 1473 4127 dicit
1489 4055 1669 4128 Thomas:

503 4171 583 4240 Vetti
614 4172 703 4242 oltra
728 4173 990 4262 fiomawppior,
1013 4171 1115 4264 idest,
1142 4172 1335 4266 splendere
1360 4179 1440 4267 post
1465 4173 1668 4268 praedictos,

494 4289 516 4358 t
529 4289 674 4359 ardente
705 4293 816 4381 spiro,
854 4290 1001 4384 scilicet,
1039 4311 1169 4365 amore
1201 4292 1335 4385 divino,
1369 4296 1404 4366 d'
1418 4296 1571 4383 Isidoro,
1605 4293 1667 4388 qui

494 4407 577 4482 lecit
598 4407 731 4480 librum
758 4409 804 4484 de
829 4431 978 4485 summo
996 4411 1093 4484 bono
1110 4411 1206 4486 inter
1227 4413 1317 4502 alios
1336 4414 1482 4507 multos,
1499 4417 1538 4487 di
1555 4416 1665 4506 Beda,

557 4597 584 4659 (¹)
601 4597 632 4646 Ε.
650 4609 750 4648 morum
760 4599 785 4647 in
796 4599 898 4650 civitate
908 4600 1001 4662 Papia,
1011 4601 1141 4662 precipue
1153 4601 1221 4650 inter
1231 4600 1293 4650 alim
1302 4605 1388 4664 partes
1395 4601 1566 4660 Lombardioe,
1577 4601 1620 4651 ubi
1630 4599 1671 4650 ab.

558 4673 585 4732 ι’)
602 4672 632 4721 E.
648 4672 753 4723 Boetius
771 4675 824 4738 ipse
840 4680 905 4725 erat.
1094 4673 1121 4738 (¹)
1139 4677 1169 4727 E.
1187 4677 1295 4729 Ticinia.
