3746 5680
467 469 510 536 10
854 477 1057 534 counnruu
1082 479 1249 533 rannnrsr

462 623 569 700 cebat
603 642 715 696 manu
749 626 787 696 et
819 627 912 696 nutu
949 642 996 696 ne
1027 621 1234 696 occiderent
1265 639 1367 713 eum,
1398 627 1440 694 nt
1477 621 1633 696 sciretur

462 763 579 839 quare
603 743 673 816 boc
697 740 835 814 fecerat
849 733 900 834 (⁴),
926 761 1014 815 cum
1040 747 1164 816 nmen
1189 741 1302 815 iratre
1327 747 1366 814 et
1398 741 1473 814 suis
1498 763 1630 836 procu-

418 849 432 868 ’
462 863 627 938 rantibus
652 863 721 934 boc
747 860 882 934 lactum
905 868 1009 935 esset.
1032 860 1087 934 ld
1104 861 1247 934 literam
1273 879 1383 955 ergo:
1410 859 1495 934 dicit
1520 863 1632 936 Cuni·
1722 915 1724 920 -

462 987 533 1059 tia:
552 990 585 1057 Ε
599 986 662 1073 tal,
679 981 783 1075 idest,
801 1002 898 1055 unus
915 1002 1073 1077 magnus
1090 988 1128 1055 et
1144 986 1283 1074 potens,
1304 983 1532 1071 nnncrcynic
1550 1004 1568 1054 e
1588 1003 1634 1054 vn

461 1127 527 1179 cun
553 1109 588 1178 la
614 1111 698 1177 testa
724 1106 810 1194 altu,
837 1103 929 1177 idest
955 1101 1114 1196 superbe
1139 1100 1283 1193 incedit,
1310 1120 1383 1173 non
1407 1100 1541 1175 timens
1566 1100 1632 1174 sibi

462 1227 509 1300 de
534 1224 667 1298 insidiis
691 1243 858 1316 suorum,
884 1225 944 1295 cle
967 1212 1028 1314 qni
1048 1243 1116 1314 per
1137 1225 1185 1294 lui
1203 1224 1325 1313 omnir
1341 1224 1427 1314 sisa
1444 1225 1480 1294 la
1496 1242 1629 1314 ranna,

463 1345 566 1437 idest,
592 1344 669 1438 jam
707 1341 846 1417 texitur
880 1341 981 1415 iraus
1019 1341 1065 1414 ad
1103 1340 1466 1415 circumveniendum
1501 1341 1632 1435 ipsum,

462 1463 557 1536 sicut
581 1462 658 1536 avis
684 1462 826 1556 capitur
853 1471 951 1536 rete:
978 1467 1032 1534 est
1058 1461 1155 1533 enim
1183 1482 1296 1556 ragna
1314 1455 1496 1554 quoddam
1515 1482 1633 1556 genus

463 1581 561 1674 retis,
588 1601 664 1676 quo
684 1581 879 1675 capiuntur
900 1600 1007 1654 aves:
1034 1583 1122 1653 dove
1147 1583 1215 1653 Sile
1239 1602 1257 1652 e
1286 1584 1433 1670 dannan
1456 1583 1633 1654 s'accom·

456 1721 582 1792 penna
591 1727 607 1794 ;
633 1702 703 1775 boc
728 1706 784 1774 est
808 1699 942 1792 dicere,
960 1699 997 1772 in
1014 1699 1160 1773 civitate
1177 1698 1337 1772 Tervisii.
1356 1699 1425 1773 lsta
1443 1699 1540 1772 enim
1558 1698 1633 1773 dne

462 1819 613 1892 llnmina
646 1818 922 1915 coniunguntur
952 1819 989 1891 in
1024 1838 1141 1890 unum
1171 1817 1268 1912 apud
1293 1817 1517 1911 Tervisium;
1548 1838 1633 1910 quae

461 1946 561 2013 terra
587 1959 735 2014 amoena
761 1940 920 2015 multum
947 1938 1109 2012 abundat
1143 1937 1249 2030 aquis
1278 1937 1381 2033 puris
1411 1944 1448 2011 et
1474 1937 1633 2011 lentibus

463 2058 755 2133 scaturientibus.
790 2059 832 2130 lit
863 2059 899 2130 in
935 2056 995 2131 tali
1030 2056 1110 2130 loco
1141 2075 1237 2150 saepe
1263 2064 1463 2131 nascuntur
1489 2073 1630 2131 venena

462 2179 571 2272 quale
596 2178 663 2252 init
688 2178 764 2273 ipse
788 2177 966 2251 Ricardus
992 2184 1029 2251 et
1053 2177 1201 2250 domina
1225 2177 1315 2250 Gaia
1340 2197 1446 2251 soror
1479 2175 1634 2251 eins.-

465 2285 652 2384 Picnuerd.
692 2296 757 2369 llic
790 2295 932 2369 Cunitia
971 2295 1131 2389 praedicit
1169 2295 1269 2369 aliud
1307 2296 1456 2370 crudele
1492 2293 1631 2367 lacinus

463 2413 630 2487 luturum
657 2415 877 2508 peneadem
905 2422 1070 2508 tempora
1097 2415 1304 2488 incivitate
1330 2414 1448 2488 vicina
1465 2433 1552 2487 snae.
1578 2411 1632 2486 ad

462 2533 736 2630 intelligentiam
776 2535 886 2608 huius
925 2535 1040 2609 literae
1078 2541 1133 2608 est
1165 2535 1285 2629 primo
1314 2533 1502 2608 sciendum
1533 2531 1632 2625 quod

463 2659 611 2726 mortno
636 2653 759 2729 Azone
783 2654 829 2727 111
854 2653 1060 2728 blarcbione
1077 2654 1229 2746 Estensi,
1247 2653 1310 2747 qui
1337 2653 1517 2726 babuerat
1540 2653 1633 2726 Bea-

460 2770 591 2846 tricem
616 2793 783 2850 sororem
811 2775 907 2870 regis
932 2774 1081 2848 liuberti
1107 2773 1144 2846 in
1171 2792 1339 2865 uxorem,
1366 2792 1432 2846 rer
1458 2773 1535 2867 ipse
1559 2772 1632 2846 llu-

461 2894 587 2967 bertns
613 2894 739 2967 babuit
764 2895 810 2968 ad
837 2902 983 2988 tempus
1008 2885 1264 2985 dominium(²l
1290 2893 1470 2967 Ferraria
1486 2912 1553 2987 pro
1571 2913 1633 2968 ec·

460 3012 579 3086 clesia.
601 3014 725 3101 Quum
749 3021 876 3089 autern
903 3013 1051 3109 qnidam
1078 3012 1248 3086 dominus
1273 3012 1384 3085 Pinus
1409 3011 1515 3086 dela
1540 3013 1632 3086 Tusa

461 3131 589 3205 nobilis
615 3132 718 3206 miles
744 3133 958 3209 florentinus
983 3139 1127 3207 astutus
1152 3139 1247 3208 esset
1272 3131 1431 3206 vicarius
1452 3131 1631 3206 Ferrariae

461 3269 527 3343 pro
554 3270 653 3346 rege,
681 3272 794 3345 qnam
828 3253 969 3326 murari
1004 3251 1098 3345 lecit,
1130 3251 1198 3325 viri
1232 3251 1371 3325 nobiles
1396 3251 1442 3324 de
1467 3250 1628 3325 Fontana

461 3370 709 3464 ferrarienses
723 3371 900 3445 seditione
916 3378 1010 3465 orta,
1028 3372 1218 3468 lugierunt
1234 3372 1280 3446 de
1297 3371 1443 3446 civitate
1460 3376 1496 3444 et
1514 3377 1632 3444 trans·

462 3491 626 3567 tulerunt
650 3510 691 3564 se
716 3491 892 3582 Feltrum,
910 3496 1079 3585 putantes
1104 3511 1144 3566 se
1171 3497 1269 3565 tutus
1295 3491 1332 3564 in
1359 3491 1419 3566 illa
1445 3491 1560 3565 libera
1579 3489 1632 3564 ci-

461 3609 582 3702 vitate,
608 3609 714 3682 cuius
739 3609 897 3684 liberum
927 3609 1135 3684 dominium·
1166 3611 1203 3683 in
1237 3612 1429 3706 temporali
1460 3617 1497 3685 et
1527 3610 1632 3706 spiri·

460 3727 549 3800 tuali
582 3728 739 3802 babebat
772 3727 962 3822 episcopus
997 3729 1086 3803 eius.
1114 3729 1186 3804 Sed
1220 3750 1333 3824 opera
1365 3731 1454 3824 pini,
1486 3731 1631 3804 volente

460 3853 496 3921 et
529 3847 778 3922 consentiente
814 3848 993 3943 episcopo,
1025 3848 1120 3942 capti
1145 3849 1246 3922 ducti
1282 3855 1367 3923 sunt
1400 3849 1628 3922 Ferrariam:

460 3989 506 4042 ex
532 3966 665 4061 quibus
691 3973 766 4043 tres
791 3968 977 4063 praecipni,
1003 3969 1138 4044 scilicet
1171 3969 1414 4061 Lanzalcttus,
1436 3968 1630 4060 Clarutius,

460 4094 496 4160 ct
528 4085 743 4160 Antoniolus
767 4088 813 4162 dc
844 4088 1019 4180 Fontanu,
1046 4088 1237 4181 decapitati
1270 4094 1355 4162 sunt
1388 4108 1474 4162 cum
1510 4087 1631 4161 multis

459 4204 536 4278 aliis
561 4205 798 4300 complicibus
824 4227 954 4281 eorum
983 4206 1019 4279 in
1046 4206 1341 4300 forbearance,
1367 4215 1405 4282 ct
1438 4207 1542 4280 multi
1569 4228 1633 4280 su-

460 4324 579 4417 spensi
605 4333 691 4397 sunt
716 4325 859 4418 laqueo.
885 4325 940 4398 ild
965 4325 1109 4399 literam
1138 4346 1241 4422 ergo,
1265 4326 1351 4401 dicit
1371 4326 1536 4400 Cunitia:
1554 4329 1632 4399 Fel-

533 4509 540 4536 ,
657 4510 663 4520 .

522 4509 550 4647 l'l
565 4509 598 4634 ἒ.
613 4509 756 4635 leallsllllm
773 4599 820 4648 pro
836 4586 944 4637 ecclesia
960 4587 1068 4638 civitatis
1084 4587 1162 4650 ipsius
1178 4588 1314 4638 Ferrarius.
1329 4587 1426 4648 Quum.
