<?xml version="1.0" encoding="UTF-8"?>
<!DOCTYPE html PUBLIC "-//W3C//DTD XHTML 1.0 Transitional//EN"
    "http://www.w3.org/TR/xhtml1/DTD/xhtml1-transitional.dtd">
<html xmlns="http://www.w3.org/1999/xhtml" xml:lang="en" lang="en">
 <head>
  <title>
</title>
<meta http-equiv="Content-Type" content="text/html;charset=utf-8" />
  <meta name='ocr-system' content='tesseract 3.04.00' />
  <meta name='ocr-capabilities' content='ocr_page ocr_carea ocr_par ocr_line ocrx_word'/>
</head>
<body>
  <div class='ocr_page' id='page_1' title='image "benevenutideram04benvgoog_0023.png"; bbox 0 0 3746 5680; ppageno 0'>
   <div class='ocr_carea' id='block_1_1' title="bbox 455 501 1242 566">
    <p class='ocr_par' dir='ltr' id='par_1_1' title="bbox 455 501 1242 566">
     <span class='ocr_line' id='line_1_1' title="bbox 455 501 1242 566; baseline -0.004 0"><span class='ocrx_word' id='word_1_1' title='bbox 455 501 479 566; x_wconf 83' lang='grc'><strong>8</strong></span> <span class='ocrx_word' id='word_1_2' title='bbox 846 509 1051 564; x_wconf 67' lang='lat' dir='ltr'><strong>commu</strong></span> <span class='ocrx_word' id='word_1_3' title='bbox 1075 511 1242 563; x_wconf 74' lang='lat' dir='ltr'><strong>rmanrsr</strong></span> 
     </span>
    </p>
   </div>
   <div class='ocr_carea' id='block_1_2' title="bbox 446 653 1627 4461">
    <p class='ocr_par' dir='ltr' id='par_1_2' title="bbox 446 653 1627 4461">
     <span class='ocr_line' id='line_1_2' title="bbox 455 653 1625 750; baseline 0.001 -21"><span class='ocrx_word' id='word_1_4' title='bbox 455 655 562 729; x_wconf 84' lang='lat' dir='ltr'><strong>netiae</strong></span> <span class='ocrx_word' id='word_1_5' title='bbox 591 675 706 750; x_wconf 88' lang='lat' dir='ltr'><strong>prope</strong></span> <span class='ocrx_word' id='word_1_6' title='bbox 741 653 981 729; x_wconf 73' lang='lat' dir='ltr'>Concordiam</span> <span class='ocrx_word' id='word_1_7' title='bbox 1014 675 1087 727; x_wconf 92' lang='lat' dir='ltr'><strong>non</strong></span> <span class='ocrx_word' id='word_1_8' title='bbox 1116 655 1225 750; x_wconf 82' lang='lat' dir='ltr'><strong>longe</strong></span> <span class='ocrx_word' id='word_1_9' title='bbox 1256 656 1305 728; x_wconf 92' lang='lat' dir='ltr'><strong>ab</strong></span> <span class='ocrx_word' id='word_1_10' title='bbox 1333 655 1499 749; x_wconf 73' lang='lat' dir='ltr'><strong>Aquileia</strong></span> <span class='ocrx_word' id='word_1_11' title='bbox 1525 657 1625 749; x_wconf 82' lang='lat' dir='ltr'><strong>quod</strong></span> 
     </span>
     <span class='ocr_line' id='line_1_3' title="bbox 454 773 1626 866; baseline 0 -17"><span class='ocrx_word' id='word_1_12' title='bbox 454 775 580 850; x_wconf 76' lang='lat' dir='ltr'><strong>dividit</strong></span> <span class='ocrx_word' id='word_1_13' title='bbox 603 774 740 848; x_wconf 85' lang='lat' dir='ltr'><strong>Forum</strong></span> <span class='ocrx_word' id='word_1_14' title='bbox 771 773 854 846; x_wconf 89' lang='lat' dir='ltr'><strong>lolii</strong></span> <span class='ocrx_word' id='word_1_15' title='bbox 883 794 907 847; x_wconf 89' lang='lat' dir='ltr'><strong>a</strong></span> <span class='ocrx_word' id='word_1_16' title='bbox 935 774 1095 847; x_wconf 87' lang='lat' dir='ltr'><strong>llarcbia</strong></span> <span class='ocrx_word' id='word_1_17' title='bbox 1123 774 1319 866; x_wconf 78' lang='lat' dir='ltr'><strong>Tririsina;</strong></span> <span class='ocrx_word' id='word_1_18' title='bbox 1345 781 1382 848; x_wconf 88' lang='lat' dir='ltr'><strong>ct</strong></span> <span class='ocrx_word' id='word_1_19' title='bbox 1406 784 1462 849; x_wconf 81' lang='lat' dir='ltr'><strong>est</strong></span> <span class='ocrx_word' id='word_1_20' title='bbox 1487 777 1626 851; x_wconf 82' lang='lat' dir='ltr'><strong>flumen</strong></span> 
     </span>
     <span class='ocr_line' id='line_1_4' title="bbox 454 893 1627 989; baseline 0.002 -21"><span class='ocrx_word' id='word_1_21' title='bbox 454 915 569 989; x_wconf 86' lang='lat' dir='ltr'><strong>rapax</strong></span> <span class='ocrx_word' id='word_1_22' title='bbox 594 901 632 968; x_wconf 92' lang='lat' dir='ltr'><strong>et</strong></span> <span class='ocrx_word' id='word_1_23' title='bbox 657 893 777 968; x_wconf 79' lang='lat' dir='ltr'><strong>fallax.</strong></span> <span class='ocrx_word' id='word_1_24' title='bbox 804 893 945 967; x_wconf 84' lang='lat' dir='ltr'><strong>iltbesis</strong></span> <span class='ocrx_word' id='word_1_25' title='bbox 969 901 1025 968; x_wconf 84' lang='lat' dir='ltr'><strong>est</strong></span> <span class='ocrx_word' id='word_1_26' title='bbox 1048 895 1188 968; x_wconf 89' lang='lat' dir='ltr'><strong>llumen</strong></span> <span class='ocrx_word' id='word_1_27' title='bbox 1203 894 1303 987; x_wconf 90' lang='lat' dir='ltr'><strong>qnod</strong></span> <span class='ocrx_word' id='word_1_28' title='bbox 1319 894 1456 967; x_wconf 76' lang='lat' dir='ltr'><strong>labitur</strong></span> <span class='ocrx_word' id='word_1_29' title='bbox 1475 915 1541 989; x_wconf 92' lang='lat' dir='ltr'><strong>per</strong></span> <span class='ocrx_word' id='word_1_30' title='bbox 1555 895 1627 970; x_wconf 81' lang='lat' dir='ltr'><strong>l&#39;e-</strong></span> 
     </span>
     <span class='ocr_line' id='line_1_5' title="bbox 453 1013 1624 1107; baseline 0.002 -20"><span class='ocrx_word' id='word_1_31' title='bbox 453 1033 583 1088; x_wconf 82' lang='lat' dir='ltr'><strong>ronam</strong></span> <span class='ocrx_word' id='word_1_32' title='bbox 610 1013 657 1088; x_wconf 87' lang='lat' dir='ltr'><strong>ad</strong></span> <span class='ocrx_word' id='word_1_33' title='bbox 676 1015 827 1088; x_wconf 90' lang='lat' dir='ltr'><strong>modom</strong></span> <span class='ocrx_word' id='word_1_34' title='bbox 847 1013 1026 1106; x_wconf 87' lang='lat' dir='ltr'><strong>serpentis</strong></span> <span class='ocrx_word' id='word_1_35' title='bbox 1043 1014 1209 1106; x_wconf 74' lang='lat' dir='ltr'><strong>tortuosi,</strong></span> <span class='ocrx_word' id='word_1_36' title='bbox 1229 1014 1276 1087; x_wconf 89' lang='lat' dir='ltr'><strong>de</strong></span> <span class='ocrx_word' id='word_1_37' title='bbox 1292 1035 1368 1107; x_wconf 90' lang='lat' dir='ltr'><strong>quo</strong></span> <span class='ocrx_word' id='word_1_38' title='bbox 1384 1015 1469 1088; x_wconf 92' lang='lat' dir='ltr'><strong>alibi</strong></span> <span class='ocrx_word' id='word_1_39' title='bbox 1486 1015 1624 1089; x_wconf 66' lang='lat' dir='ltr'><strong>dimum</strong></span> 
     </span>
     <span class='ocr_line' id='line_1_6' title="bbox 453 1129 1624 1229; baseline -0.001 -20"><span class='ocrx_word' id='word_1_40' title='bbox 453 1143 518 1210; x_wconf 91' lang='lat' dir='ltr'><strong>est</strong></span> <span class='ocrx_word' id='word_1_41' title='bbox 545 1135 591 1208; x_wconf 84' lang='lat' dir='ltr'><strong>Et</strong></span> <span class='ocrx_word' id='word_1_42' title='bbox 614 1135 713 1228; x_wconf 83' lang='lat' dir='ltr'><strong>quod</strong></span> <span class='ocrx_word' id='word_1_43' title='bbox 737 1141 794 1208; x_wconf 82' lang='lat' dir='ltr'><strong>est</strong></span> <span class='ocrx_word' id='word_1_44' title='bbox 827 1135 955 1229; x_wconf 91' lang='lat' dir='ltr'><strong>peius:</strong></span> <span class='ocrx_word' id='word_1_45' title='bbox 988 1129 1035 1207; x_wconf 73' lang='lat' dir='ltr'><strong>nd</strong></span> <span class='ocrx_word' id='word_1_46' title='bbox 1053 1155 1120 1225; x_wconf 86' lang='lat' dir='ltr'><strong>per</strong></span> <span class='ocrx_word' id='word_1_47' title='bbox 1143 1155 1238 1206; x_wconf 78' lang='lat' dir='ltr'><strong>esser</strong></span> <span class='ocrx_word' id='word_1_48' title='bbox 1266 1135 1409 1225; x_wconf 71' lang='lat' dir='ltr'><strong>Murem,</strong></span> <span class='ocrx_word' id='word_1_49' title='bbox 1435 1134 1528 1209; x_wconf 87' lang='lat' dir='ltr'><strong>idest</strong></span> <span class='ocrx_word' id='word_1_50' title='bbox 1557 1136 1624 1208; x_wconf 84' lang='lat' dir='ltr'><strong>lla-</strong></span> 
     </span>
     <span class='ocr_line' id='line_1_7' title="bbox 452 1253 1624 1351; baseline -0.001 -23"><span class='ocrx_word' id='word_1_51' title='bbox 452 1255 585 1351; x_wconf 83' lang='lat' dir='ltr'><strong>gellata</strong></span> <span class='ocrx_word' id='word_1_52' title='bbox 616 1275 683 1349; x_wconf 89' lang='lat' dir='ltr'><strong>per</strong></span> <span class='ocrx_word' id='word_1_53' title='bbox 715 1253 937 1345; x_wconf 87' lang='lat' dir='ltr'><strong>Eccelinnm,</strong></span> <span class='ocrx_word' id='word_1_54' title='bbox 970 1254 1035 1346; x_wconf 88' lang='lat' dir='ltr'><strong>qni</strong></span> <span class='ocrx_word' id='word_1_55' title='bbox 1066 1254 1277 1346; x_wconf 64' lang='lat' dir='ltr'><strong>bachum,</strong></span> <span class='ocrx_word' id='word_1_56' title='bbox 1310 1254 1526 1327; x_wconf 81' lang='lat' dir='ltr'><strong>viridarium</strong></span> <span class='ocrx_word' id='word_1_57' title='bbox 1557 1274 1624 1328; x_wconf 84' lang='lat' dir='ltr'><strong>ro-</strong></span> 
     </span>
     <span class='ocr_line' id='line_1_8' title="bbox 453 1372 1624 1470; baseline 0.001 -23"><span class='ocrx_word' id='word_1_58' title='bbox 453 1375 648 1470; x_wconf 81' lang='lat' dir='ltr'><strong>lnptatum‚</strong></span> <span class='ocrx_word' id='word_1_59' title='bbox 674 1373 758 1446; x_wconf 87' lang='lat' dir='ltr'><strong>lecit</strong></span> <span class='ocrx_word' id='word_1_60' title='bbox 775 1372 879 1465; x_wconf 86' lang='lat' dir='ltr'><strong>quasi</strong></span> <span class='ocrx_word' id='word_1_61' title='bbox 897 1373 1093 1446; x_wconf 81' lang='lat' dir='ltr'><strong>heremum</strong></span> <span class='ocrx_word' id='word_1_62' title='bbox 1110 1373 1311 1448; x_wconf 86' lang='lat' dir='ltr'><strong>solitudinis</strong></span> <span class='ocrx_word' id='word_1_63' title='bbox 1327 1374 1493 1466; x_wconf 75' lang='lat' dir='ltr'><strong>desertae,</strong></span> <span class='ocrx_word' id='word_1_64' title='bbox 1510 1395 1624 1448; x_wconf 79' lang='lat' dir='ltr'><strong>nrtcor</strong></span> 
     </span>
     <span class='ocr_line' id='line_1_9' title="bbox 451 1493 1623 1587; baseline 0.002 -21"><span class='ocrx_word' id='word_1_65' title='bbox 451 1497 483 1566; x_wconf 76' lang='lat' dir='ltr'><strong>si</strong></span> <span class='ocrx_word' id='word_1_66' title='bbox 502 1501 618 1586; x_wconf 82' lang='lat' dir='ltr'><strong>pente,</strong></span> <span class='ocrx_word' id='word_1_67' title='bbox 643 1493 745 1586; x_wconf 72' lang='lat' dir='ltr'><strong>idest,</strong></span> <span class='ocrx_word' id='word_1_68' title='bbox 764 1513 837 1565; x_wconf 93' lang='lat' dir='ltr'><strong>non</strong></span> <span class='ocrx_word' id='word_1_69' title='bbox 854 1493 1062 1587; x_wconf 82' lang='lat' dir='ltr'><strong>corrigitur,</strong></span> <span class='ocrx_word' id='word_1_70' title='bbox 1081 1514 1155 1567; x_wconf 93' lang='lat' dir='ltr'><strong>non</strong></span> <span class='ocrx_word' id='word_1_71' title='bbox 1171 1495 1408 1586; x_wconf 91' lang='lat' dir='ltr'><strong>emendatur;</strong></span> <span class='ocrx_word' id='word_1_72' title='bbox 1429 1495 1510 1568; x_wconf 91' lang='lat' dir='ltr'><strong>ideo</strong></span> <span class='ocrx_word' id='word_1_73' title='bbox 1527 1515 1623 1568; x_wconf 83' lang='lat' dir='ltr'><strong>nova</strong></span> 
     </span>
     <span class='ocr_line' id='line_1_10' title="bbox 454 1611 1623 1707; baseline 0 -21"><span class='ocrx_word' id='word_1_74' title='bbox 454 1631 563 1707; x_wconf 90' lang='lat' dir='ltr'><strong>poena</strong></span> <span class='ocrx_word' id='word_1_75' title='bbox 592 1617 745 1705; x_wconf 91' lang='lat' dir='ltr'><strong>parator</strong></span> <span class='ocrx_word' id='word_1_76' title='bbox 772 1611 850 1684; x_wconf 91' lang='lat' dir='ltr'><strong>sibi.</strong></span> <span class='ocrx_word' id='word_1_77' title='bbox 864 1650 914 1664; x_wconf 92' lang='lat'>-</span> <span class='ocrx_word' id='word_1_78' title='bbox 927 1615 997 1682; x_wconf 87' lang='lat' dir='ltr'><strong>llo.</strong></span> <span class='ocrx_word' id='word_1_79' title='bbox 1024 1611 1090 1684; x_wconf 89' lang='lat' dir='ltr'><strong>llic</strong></span> <span class='ocrx_word' id='word_1_80' title='bbox 1114 1611 1257 1686; x_wconf 89' lang='lat' dir='ltr'><strong>Cunitia</strong></span> <span class='ocrx_word' id='word_1_81' title='bbox 1282 1613 1503 1706; x_wconf 73' lang='lat' dir='ltr'><strong>pronuntiat</strong></span> <span class='ocrx_word' id='word_1_82' title='bbox 1527 1633 1623 1686; x_wconf 87' lang='lat' dir='ltr'><strong>nova</strong></span> 
     </span>
     <span class='ocr_line' id='line_1_11' title="bbox 453 1729 1622 1826; baseline 0.001 -22"><span class='ocrx_word' id='word_1_83' title='bbox 453 1731 594 1826; x_wconf 74' lang='lat' dir='ltr'><strong>flagella</strong></span> <span class='ocrx_word' id='word_1_84' title='bbox 619 1730 656 1803; x_wconf 93' lang='lat' dir='ltr'><strong>in</strong></span> <span class='ocrx_word' id='word_1_85' title='bbox 681 1729 785 1804; x_wconf 87' lang='lat' dir='ltr'><strong>brevi</strong></span> <span class='ocrx_word' id='word_1_86' title='bbox 811 1736 991 1805; x_wconf 90' lang='lat' dir='ltr'><strong>eventura</strong></span> <span class='ocrx_word' id='word_1_87' title='bbox 1021 1731 1237 1824; x_wconf 82' lang='lat' dir='ltr'><strong>provinciae3</strong></span> <span class='ocrx_word' id='word_1_88' title='bbox 1264 1738 1301 1805; x_wconf 92' lang='lat' dir='ltr'><strong>et</strong></span> <span class='ocrx_word' id='word_1_89' title='bbox 1325 1732 1445 1826; x_wconf 87' lang='lat' dir='ltr'><strong>primo</strong></span> <span class='ocrx_word' id='word_1_90' title='bbox 1476 1731 1622 1824; x_wconf 87' lang='lat' dir='ltr'><strong>Padoae‚</strong></span> 
     </span>
     <span class='ocr_line' id='line_1_12' title="bbox 452 1849 1625 1946; baseline 0.001 -23"><span class='ocrx_word' id='word_1_91' title='bbox 452 1869 536 1944; x_wconf 84' lang='lat' dir='ltr'><strong>quae</strong></span> <span class='ocrx_word' id='word_1_92' title='bbox 560 1850 661 1946; x_wconf 91' lang='lat' dir='ltr'><strong>prius</strong></span> <span class='ocrx_word' id='word_1_93' title='bbox 686 1851 807 1924; x_wconf 86' lang='lat' dir='ltr'><strong>luerat</strong></span> <span class='ocrx_word' id='word_1_94' title='bbox 824 1849 963 1924; x_wconf 87' lang='lat' dir='ltr'><strong>tamdiu</strong></span> <span class='ocrx_word' id='word_1_95' title='bbox 981 1850 1143 1925; x_wconf 88' lang='lat' dir='ltr'><strong>desolata</strong></span> <span class='ocrx_word' id='word_1_96' title='bbox 1160 1871 1226 1945; x_wconf 90' lang='lat' dir='ltr'><strong>per</strong></span> <span class='ocrx_word' id='word_1_97' title='bbox 1247 1851 1478 1944; x_wconf 83' lang='lat' dir='ltr'><strong>Eccelinum3</strong></span> <span class='ocrx_word' id='word_1_98' title='bbox 1498 1857 1625 1945; x_wconf 88' lang='lat' dir='ltr'><strong>postca</strong></span> 
     </span>
     <span class='ocr_line' id='line_1_13' title="bbox 451 1963 1624 2066; baseline -0.003 -21"><span class='ocrx_word' id='word_1_99' title='bbox 451 1971 518 2046; x_wconf 87' lang='lat' dir='ltr'><strong>luit</strong></span> <span class='ocrx_word' id='word_1_100' title='bbox 543 1969 723 2066; x_wconf 79' lang='lat' dir='ltr'><strong>flagellata</strong></span> <span class='ocrx_word' id='word_1_101' title='bbox 749 1990 815 2064; x_wconf 91' lang='lat' dir='ltr'><strong>per</strong></span> <span class='ocrx_word' id='word_1_102' title='bbox 838 1969 951 2042; x_wconf 83' lang='lat' dir='ltr'><strong>alium</strong></span> <span class='ocrx_word' id='word_1_103' title='bbox 967 1963 1005 2060; x_wconf 78' lang='lat'><strong>(⁴)</strong></span> <span class='ocrx_word' id='word_1_104' title='bbox 1034 1976 1234 2065; x_wconf 80' lang='lat' dir='ltr'><strong>tyrannum</strong></span> <span class='ocrx_word' id='word_1_105' title='bbox 1264 1969 1429 2062; x_wconf 65' lang='lat' dir='ltr'><strong>Veronae,</strong></span> <span class='ocrx_word' id='word_1_106' title='bbox 1468 1970 1531 2062; x_wconf 88' lang='lat' dir='ltr'><strong>qui</strong></span> <span class='ocrx_word' id='word_1_107' title='bbox 1557 1990 1624 2042; x_wconf 90' lang='lat' dir='ltr'><strong>vo-</strong></span> 
     </span>
     <span class='ocr_line' id='line_1_14' title="bbox 451 2087 1624 2181; baseline -0.004 -16"><span class='ocrx_word' id='word_1_108' title='bbox 451 2096 555 2165; x_wconf 90' lang='lat' dir='ltr'><strong>catus</strong></span> <span class='ocrx_word' id='word_1_109' title='bbox 580 2097 635 2164; x_wconf 82' lang='lat' dir='ltr'><strong>est</strong></span> <span class='ocrx_word' id='word_1_110' title='bbox 660 2088 766 2164; x_wconf 90' lang='lat' dir='ltr'><strong>Canis</strong></span> <span class='ocrx_word' id='word_1_111' title='bbox 790 2088 944 2163; x_wconf 86' lang='lat' dir='ltr'><strong>Grandis</strong></span> <span class='ocrx_word' id='word_1_112' title='bbox 969 2087 1016 2161; x_wconf 91' lang='lat' dir='ltr'><strong>de</strong></span> <span class='ocrx_word' id='word_1_113' title='bbox 1041 2089 1076 2162; x_wconf 91' lang='lat' dir='ltr'><strong>la</strong></span> <span class='ocrx_word' id='word_1_114' title='bbox 1101 2089 1216 2163; x_wconf 90' lang='lat' dir='ltr'><strong>Scala.</strong></span> <span class='ocrx_word' id='word_1_115' title='bbox 1243 2089 1298 2162; x_wconf 80' lang='lat' dir='ltr'><strong>nd</strong></span> <span class='ocrx_word' id='word_1_116' title='bbox 1317 2088 1417 2181; x_wconf 85' lang='lat' dir='ltr'><strong>quod</strong></span> <span class='ocrx_word' id='word_1_117' title='bbox 1433 2095 1488 2162; x_wconf 87' lang='lat' dir='ltr'><strong>est</strong></span> <span class='ocrx_word' id='word_1_118' title='bbox 1505 2089 1624 2162; x_wconf 90' lang='lat' dir='ltr'><strong>scien-</strong></span> 
     </span>
     <span class='ocr_line' id='line_1_15' title="bbox 451 2208 1623 2303; baseline -0.001 -20"><span class='ocrx_word' id='word_1_119' title='bbox 451 2209 554 2302; x_wconf 86' lang='lat' dir='ltr'><strong>dum,</strong></span> <span class='ocrx_word' id='word_1_120' title='bbox 579 2208 679 2302; x_wconf 91' lang='lat' dir='ltr'><strong>quod</strong></span> <span class='ocrx_word' id='word_1_121' title='bbox 703 2208 864 2302; x_wconf 91' lang='lat' dir='ltr'><strong>paduani</strong></span> <span class='ocrx_word' id='word_1_122' title='bbox 888 2228 986 2281; x_wconf 90' lang='lat' dir='ltr'><strong>anno</strong></span> <span class='ocrx_word' id='word_1_123' title='bbox 1012 2208 1156 2280; x_wconf 86' lang='lat' dir='ltr'><strong>Domini</strong></span> <span class='ocrx_word' id='word_1_124' title='bbox 1174 2208 1382 2302; x_wconf 87' lang='lat' dir='ltr'><strong>MCCClllV,</strong></span> <span class='ocrx_word' id='word_1_125' title='bbox 1400 2228 1536 2303; x_wconf 83' lang='lat' dir='ltr'><strong>magno</strong></span> <span class='ocrx_word' id='word_1_126' title='bbox 1557 2229 1623 2302; x_wconf 80' lang='lat' dir='ltr'><strong>ap</strong></span> 
     </span>
     <span class='ocr_line' id='line_1_16' title="bbox 452 2326 1624 2422; baseline -0.001 -22"><span class='ocrx_word' id='word_1_127' title='bbox 452 2334 582 2422; x_wconf 86' lang='lat' dir='ltr'><strong>paratu</strong></span> <span class='ocrx_word' id='word_1_128' title='bbox 620 2326 716 2419; x_wconf 89' lang='lat' dir='ltr'><strong>belli,</strong></span> <span class='ocrx_word' id='word_1_129' title='bbox 755 2333 844 2421; x_wconf 88' lang='lat' dir='ltr'><strong>puta</strong></span> <span class='ocrx_word' id='word_1_130' title='bbox 878 2347 963 2400; x_wconf 88' lang='lat' dir='ltr'><strong>cum</strong></span> <span class='ocrx_word' id='word_1_131' title='bbox 996 2327 1141 2400; x_wconf 90' lang='lat' dir='ltr'><strong>duobus</strong></span> <span class='ocrx_word' id='word_1_132' title='bbox 1175 2329 1335 2401; x_wconf 92' lang='lat' dir='ltr'><strong>millibus</strong></span> <span class='ocrx_word' id='word_1_133' title='bbox 1372 2328 1554 2422; x_wconf 88' lang='lat' dir='ltr'><strong>equitum,</strong></span> <span class='ocrx_word' id='word_1_134' title='bbox 1586 2335 1624 2400; x_wconf 88' lang='lat' dir='ltr'><strong>et</strong></span> 
     </span>
     <span class='ocr_line' id='line_1_17' title="bbox 452 2446 1621 2542; baseline -0.002 -20"><span class='ocrx_word' id='word_1_135' title='bbox 452 2447 577 2542; x_wconf 79' lang='lat' dir='ltr'><strong>viginti</strong></span> <span class='ocrx_word' id='word_1_136' title='bbox 603 2446 761 2519; x_wconf 93' lang='lat' dir='ltr'><strong>millibus</strong></span> <span class='ocrx_word' id='word_1_137' title='bbox 778 2446 941 2540; x_wconf 89' lang='lat' dir='ltr'><strong>peditum</strong></span> <span class='ocrx_word' id='word_1_138' title='bbox 963 2447 1176 2521; x_wconf 88' lang='lat' dir='ltr'><strong>invaserunt</strong></span> <span class='ocrx_word' id='word_1_139' title='bbox 1196 2447 1409 2539; x_wconf 78' lang='lat' dir='ltr'><strong>vicentiam,</strong></span> <span class='ocrx_word' id='word_1_140' title='bbox 1431 2467 1515 2540; x_wconf 83' lang='lat' dir='ltr'><strong>quae</strong></span> <span class='ocrx_word' id='word_1_141' title='bbox 1532 2447 1621 2520; x_wconf 87' lang='lat' dir='ltr'><strong>alias</strong></span> 
     </span>
     <span class='ocr_line' id='line_1_18' title="bbox 451 2565 1621 2661; baseline 0 -21"><span class='ocrx_word' id='word_1_142' title='bbox 451 2567 571 2641; x_wconf 88' lang='lat' dir='ltr'><strong>luerat</strong></span> <span class='ocrx_word' id='word_1_143' title='bbox 589 2585 731 2640; x_wconf 90' lang='lat' dir='ltr'><strong>eorum.</strong></span> <span class='ocrx_word' id='word_1_144' title='bbox 754 2565 871 2658; x_wconf 85' lang='lat' dir='ltr'><strong>Canis,</strong></span> <span class='ocrx_word' id='word_1_145' title='bbox 888 2567 1036 2661; x_wconf 89' lang='lat' dir='ltr'><strong>juvenis</strong></span> <span class='ocrx_word' id='word_1_146' title='bbox 1052 2573 1226 2640; x_wconf 91' lang='lat' dir='ltr'><strong>strenuus</strong></span> <span class='ocrx_word' id='word_1_147' title='bbox 1246 2574 1284 2640; x_wconf 91' lang='lat' dir='ltr'><strong>et</strong></span> <span class='ocrx_word' id='word_1_148' title='bbox 1305 2566 1518 2660; x_wconf 68' lang='lat' dir='ltr'><strong>intrepidus</strong></span> <span class='ocrx_word' id='word_1_149' title='bbox 1543 2567 1621 2640; x_wconf 87' lang='lat' dir='ltr'><strong>viso</strong></span> 
     </span>
     <span class='ocr_line' id='line_1_19' title="bbox 450 2685 1623 2782; baseline -0.001 -21"><span class='ocrx_word' id='word_1_150' title='bbox 450 2687 554 2782; x_wconf 80' lang='lat' dir='ltr'><strong>signo</strong></span> <span class='ocrx_word' id='word_1_151' title='bbox 580 2686 715 2760; x_wconf 81' lang='lat' dir='ltr'><strong>facium</strong></span> <span class='ocrx_word' id='word_1_152' title='bbox 740 2685 948 2760; x_wconf 82' lang='lat' dir='ltr'><strong>ardentium</strong></span> <span class='ocrx_word' id='word_1_153' title='bbox 975 2686 1012 2758; x_wconf 94' lang='lat' dir='ltr'><strong>in</strong></span> <span class='ocrx_word' id='word_1_154' title='bbox 1038 2687 1213 2779; x_wconf 86' lang='lat' dir='ltr'><strong>turribus,</strong></span> <span class='ocrx_word' id='word_1_155' title='bbox 1240 2685 1440 2760; x_wconf 84' lang='lat' dir='ltr'><strong>licentiam</strong></span> <span class='ocrx_word' id='word_1_156' title='bbox 1466 2686 1623 2760; x_wconf 89' lang='lat' dir='ltr'><strong>incredi-</strong></span> 
     </span>
     <span class='ocr_line' id='line_1_20' title="bbox 450 2805 1623 2881; baseline -0.001 0"><span class='ocrx_word' id='word_1_157' title='bbox 450 2807 511 2881; x_wconf 93' lang='lat' dir='ltr'><strong>bili</strong></span> <span class='ocrx_word' id='word_1_158' title='bbox 537 2806 725 2881; x_wconf 88' lang='lat' dir='ltr'><strong>celeritate</strong></span> <span class='ocrx_word' id='word_1_159' title='bbox 750 2807 859 2881; x_wconf 89' lang='lat' dir='ltr'><strong>venit.</strong></span> <span class='ocrx_word' id='word_1_160' title='bbox 885 2807 929 2879; x_wconf 85' lang='lat' dir='ltr'><strong>Et</strong></span> <span class='ocrx_word' id='word_1_161' title='bbox 954 2807 1183 2880; x_wconf 89' lang='lat' dir='ltr'><strong>considerato</strong></span> <span class='ocrx_word' id='word_1_162' title='bbox 1209 2826 1255 2879; x_wconf 85' lang='lat' dir='ltr'><strong>ex</strong></span> <span class='ocrx_word' id='word_1_163' title='bbox 1280 2805 1354 2879; x_wconf 88' lang='lat' dir='ltr'><strong>alta</strong></span> <span class='ocrx_word' id='word_1_164' title='bbox 1378 2805 1473 2878; x_wconf 90' lang='lat' dir='ltr'><strong>turri</strong></span> <span class='ocrx_word' id='word_1_165' title='bbox 1495 2806 1623 2880; x_wconf 89' lang='lat' dir='ltr'><strong>ordine</strong></span> 
     </span>
     <span class='ocr_line' id='line_1_21' title="bbox 449 2925 1623 3020; baseline -0.002 -20"><span class='ocrx_word' id='word_1_166' title='bbox 449 2927 607 3000; x_wconf 90' lang='lat' dir='ltr'><strong>bostium</strong></span> <span class='ocrx_word' id='word_1_167' title='bbox 634 2925 939 3018; x_wconf 83' lang='lat' dir='ltr'><strong>inordinatorum,</strong></span> <span class='ocrx_word' id='word_1_168' title='bbox 965 2946 1030 3020; x_wconf 91' lang='lat' dir='ltr'><strong>per</strong></span> <span class='ocrx_word' id='word_1_169' title='bbox 1056 2946 1166 3020; x_wconf 83' lang='lat' dir='ltr'><strong>agros</strong></span> <span class='ocrx_word' id='word_1_170' title='bbox 1193 2925 1417 3020; x_wconf 81' lang='lat' dir='ltr'><strong>vagantium,</strong></span> <span class='ocrx_word' id='word_1_171' title='bbox 1440 2945 1526 2998; x_wconf 91' lang='lat' dir='ltr'><strong>cum</strong></span> <span class='ocrx_word' id='word_1_172' title='bbox 1555 2926 1623 2998; x_wconf 91' lang='lat' dir='ltr'><strong>mi·</strong></span> 
     </span>
     <span class='ocr_line' id='line_1_22' title="bbox 448 3045 1623 3141; baseline 0 -22"><span class='ocrx_word' id='word_1_173' title='bbox 448 3066 518 3119; x_wconf 89' lang='lat' dir='ltr'><strong>nus</strong></span> <span class='ocrx_word' id='word_1_174' title='bbox 543 3053 694 3120; x_wconf 87' lang='lat' dir='ltr'><strong>centum</strong></span> <span class='ocrx_word' id='word_1_175' title='bbox 720 3046 904 3140; x_wconf 92' lang='lat' dir='ltr'><strong>equitibus</strong></span> <span class='ocrx_word' id='word_1_176' title='bbox 930 3053 968 3120; x_wconf 89' lang='lat' dir='ltr'><strong>et</strong></span> <span class='ocrx_word' id='word_1_177' title='bbox 994 3046 1117 3140; x_wconf 91' lang='lat' dir='ltr'><strong>populi</strong></span> <span class='ocrx_word' id='word_1_178' title='bbox 1144 3045 1253 3119; x_wconf 89' lang='lat' dir='ltr'><strong>turba</strong></span> <span class='ocrx_word' id='word_1_179' title='bbox 1280 3046 1387 3119; x_wconf 90' lang='lat' dir='ltr'><strong>irruit</strong></span> <span class='ocrx_word' id='word_1_180' title='bbox 1417 3067 1529 3141; x_wconf 90' lang='lat' dir='ltr'><strong>super</strong></span> <span class='ocrx_word' id='word_1_181' title='bbox 1553 3047 1623 3120; x_wconf 89' lang='lat' dir='ltr'><strong>du·</strong></span> 
     </span>
     <span class='ocr_line' id='line_1_23' title="bbox 449 3155 1622 3260; baseline 0 -22"><span class='ocrx_word' id='word_1_182' title='bbox 449 3184 531 3238; x_wconf 88' lang='lat' dir='ltr'><strong>cem</strong></span> <span class='ocrx_word' id='word_1_183' title='bbox 558 3163 827 3258; x_wconf 88' lang='lat' dir='ltr'><strong>paduanorum,</strong></span> <span class='ocrx_word' id='word_1_184' title='bbox 849 3165 914 3260; x_wconf 85' lang='lat' dir='ltr'><strong>qui</strong></span> <span class='ocrx_word' id='word_1_185' title='bbox 933 3166 1019 3239; x_wconf 85' lang='lat' dir='ltr'><strong>dato</strong></span> <span class='ocrx_word' id='word_1_186' title='bbox 1038 3172 1142 3260; x_wconf 84' lang='lat' dir='ltr'><strong>tergo</strong></span> <span class='ocrx_word' id='word_1_187' title='bbox 1160 3171 1313 3238; x_wconf 87' lang='lat' dir='ltr'><strong>caeteros</strong></span> <span class='ocrx_word' id='word_1_188' title='bbox 1327 3155 1364 3256; x_wconf 80' lang='lat'><strong>(²)</strong></span> <span class='ocrx_word' id='word_1_189' title='bbox 1384 3185 1510 3239; x_wconf 89' lang='lat' dir='ltr'><strong>secum</strong></span> <span class='ocrx_word' id='word_1_190' title='bbox 1532 3186 1622 3240; x_wconf 86' lang='lat' dir='ltr'><strong>con-</strong></span> 
     </span>
     <span class='ocr_line' id='line_1_24' title="bbox 449 3282 1621 3379; baseline 0.003 -23"><span class='ocrx_word' id='word_1_191' title='bbox 449 3282 557 3357; x_wconf 89' lang='lat' dir='ltr'><strong>vertit</strong></span> <span class='ocrx_word' id='word_1_192' title='bbox 588 3283 626 3354; x_wconf 94' lang='lat' dir='ltr'><strong>in</strong></span> <span class='ocrx_word' id='word_1_193' title='bbox 657 3283 794 3379; x_wconf 83' lang='lat' dir='ltr'><strong>lugam.</strong></span> <span class='ocrx_word' id='word_1_194' title='bbox 829 3285 935 3359; x_wconf 87' lang='lat' dir='ltr'><strong>Canis</strong></span> <span class='ocrx_word' id='word_1_195' title='bbox 966 3285 1066 3357; x_wconf 90' lang='lat' dir='ltr'><strong>velut</strong></span> <span class='ocrx_word' id='word_1_196' title='bbox 1096 3285 1204 3378; x_wconf 89' lang='lat' dir='ltr'><strong>lupus</strong></span> <span class='ocrx_word' id='word_1_197' title='bbox 1235 3285 1329 3359; x_wconf 90' lang='lat' dir='ltr'><strong>inter</strong></span> <span class='ocrx_word' id='word_1_198' title='bbox 1359 3304 1457 3378; x_wconf 82' lang='lat' dir='ltr'><strong>oves,</strong></span> <span class='ocrx_word' id='word_1_199' title='bbox 1492 3304 1621 3359; x_wconf 88' lang='lat' dir='ltr'><strong>omnes</strong></span> 
     </span>
     <span class='ocr_line' id='line_1_25' title="bbox 448 3399 1621 3498; baseline 0.001 -23"><span class='ocrx_word' id='word_1_200' title='bbox 448 3399 614 3496; x_wconf 80' lang='lat' dir='ltr'><strong>dispersit</strong></span> <span class='ocrx_word' id='word_1_201' title='bbox 638 3421 724 3475; x_wconf 90' lang='lat' dir='ltr'><strong>cum</strong></span> <span class='ocrx_word' id='word_1_202' title='bbox 751 3423 864 3496; x_wconf 89' lang='lat' dir='ltr'><strong>parva</strong></span> <span class='ocrx_word' id='word_1_203' title='bbox 890 3401 1013 3495; x_wconf 78' lang='lat' dir='ltr'><strong>caede3</strong></span> <span class='ocrx_word' id='word_1_204' title='bbox 1040 3403 1146 3476; x_wconf 92' lang='lat' dir='ltr'><strong>multi</strong></span> <span class='ocrx_word' id='word_1_205' title='bbox 1172 3403 1266 3497; x_wconf 87' lang='lat' dir='ltr'><strong>capti</strong></span> <span class='ocrx_word' id='word_1_206' title='bbox 1292 3411 1388 3497; x_wconf 86' lang='lat' dir='ltr'><strong>sunt,</strong></span> <span class='ocrx_word' id='word_1_207' title='bbox 1410 3404 1503 3478; x_wconf 91' lang='lat' dir='ltr'><strong>inter</strong></span> <span class='ocrx_word' id='word_1_208' title='bbox 1528 3423 1621 3498; x_wconf 91' lang='lat' dir='ltr'><strong>qnos</strong></span> 
     </span>
     <span class='ocr_line' id='line_1_26' title="bbox 449 3520 1622 3618; baseline 0.003 -24"><span class='ocrx_word' id='word_1_209' title='bbox 449 3521 607 3597; x_wconf 86' lang='lat' dir='ltr'><strong>lacobus</strong></span> <span class='ocrx_word' id='word_1_210' title='bbox 623 3520 670 3595; x_wconf 94' lang='lat' dir='ltr'><strong>de</strong></span> <span class='ocrx_word' id='word_1_211' title='bbox 686 3520 856 3596; x_wconf 85' lang='lat' dir='ltr'><strong>Carraria</strong></span> <span class='ocrx_word' id='word_1_212' title='bbox 875 3542 1031 3618; x_wconf 83' lang='lat' dir='ltr'><strong>magnus</strong></span> <span class='ocrx_word' id='word_1_213' title='bbox 1048 3522 1215 3618; x_wconf 93' lang='lat' dir='ltr'><strong>princeps</strong></span> <span class='ocrx_word' id='word_1_214' title='bbox 1235 3522 1437 3616; x_wconf 86' lang='lat' dir='ltr'><strong>paduanus,</strong></span> <span class='ocrx_word' id='word_1_215' title='bbox 1465 3531 1501 3597; x_wconf 89' lang='lat' dir='ltr'><strong>et</strong></span> <span class='ocrx_word' id='word_1_216' title='bbox 1523 3526 1622 3597; x_wconf 88' lang='lat' dir='ltr'><strong>blus—</strong></span> 
     </span>
     <span class='ocr_line' id='line_1_27' title="bbox 449 3641 1618 3737; baseline -0.001 -21"><span class='ocrx_word' id='word_1_217' title='bbox 449 3649 550 3716; x_wconf 82' lang='lat' dir='ltr'><strong>satus</strong></span> <span class='ocrx_word' id='word_1_218' title='bbox 578 3648 696 3736; x_wconf 87' lang='lat' dir='ltr'><strong>poeta.</strong></span> <span class='ocrx_word' id='word_1_219' title='bbox 724 3641 904 3715; x_wconf 88' lang='lat' dir='ltr'><strong>Paduanis</strong></span> <span class='ocrx_word' id='word_1_220' title='bbox 929 3663 1058 3737; x_wconf 90' lang='lat' dir='ltr'><strong>pacem</strong></span> <span class='ocrx_word' id='word_1_221' title='bbox 1093 3644 1300 3737; x_wconf 88' lang='lat' dir='ltr'><strong>petentibus</strong></span> <span class='ocrx_word' id='word_1_222' title='bbox 1333 3663 1405 3737; x_wconf 84' lang='lat' dir='ltr'><strong>pax</strong></span> <span class='ocrx_word' id='word_1_223' title='bbox 1439 3644 1524 3718; x_wconf 84' lang='lat' dir='ltr'><strong>data</strong></span> <span class='ocrx_word' id='word_1_224' title='bbox 1554 3649 1618 3718; x_wconf 88' lang='lat' dir='ltr'><strong>est.</strong></span> 
     </span>
     <span class='ocr_line' id='line_1_28' title="bbox 450 3761 1620 3858; baseline 0 -21"><span class='ocrx_word' id='word_1_225' title='bbox 450 3764 535 3837; x_wconf 85' lang='lat' dir='ltr'><strong>Post</strong></span> <span class='ocrx_word' id='word_1_226' title='bbox 551 3761 739 3838; x_wconf 89' lang='lat' dir='ltr'><strong>biennium</strong></span> <span class='ocrx_word' id='word_1_227' title='bbox 759 3761 894 3836; x_wconf 91' lang='lat' dir='ltr'><strong>iterum</strong></span> <span class='ocrx_word' id='word_1_228' title='bbox 913 3763 1070 3857; x_wconf 87' lang='lat' dir='ltr'><strong>paduani</strong></span> <span class='ocrx_word' id='word_1_229' title='bbox 1089 3785 1155 3858; x_wconf 91' lang='lat' dir='ltr'><strong>per</strong></span> <span class='ocrx_word' id='word_1_230' title='bbox 1176 3764 1301 3837; x_wconf 91' lang='lat' dir='ltr'><strong>dolum</strong></span> <span class='ocrx_word' id='word_1_231' title='bbox 1323 3768 1463 3836; x_wconf 85' lang='lat' dir='ltr'><strong>tentant</strong></span> <span class='ocrx_word' id='word_1_232' title='bbox 1482 3763 1620 3837; x_wconf 90' lang='lat' dir='ltr'><strong>babere</strong></span> 
     </span>
     <span class='ocr_line' id='line_1_29' title="bbox 450 3873 1621 3980; baseline -0.001 -22"><span class='ocrx_word' id='word_1_233' title='bbox 450 3883 661 3960; x_wconf 83' lang='lat' dir='ltr'><strong>vicentiam.</strong></span> <span class='ocrx_word' id='word_1_234' title='bbox 688 3881 794 3955; x_wconf 87' lang='lat' dir='ltr'><strong>Canis</strong></span> <span class='ocrx_word' id='word_1_235' title='bbox 812 3902 897 3955; x_wconf 90' lang='lat' dir='ltr'><strong>cum</strong></span> <span class='ocrx_word' id='word_1_236' title='bbox 918 3883 1107 3980; x_wconf 83' lang='lat' dir='ltr'><strong>Ugncione</strong></span> <span class='ocrx_word' id='word_1_237' title='bbox 1128 3886 1174 3959; x_wconf 92' lang='lat' dir='ltr'><strong>de</strong></span> <span class='ocrx_word' id='word_1_238' title='bbox 1197 3884 1341 3959; x_wconf 84' lang='lat' dir='ltr'><strong>Fazolla</strong></span> <span class='ocrx_word' id='word_1_239' title='bbox 1354 3873 1391 3976; x_wconf 77' lang='lat'><strong>(³)</strong></span> <span class='ocrx_word' id='word_1_240' title='bbox 1420 3883 1500 3958; x_wconf 86' lang='lat' dir='ltr'><strong>viro</strong></span> <span class='ocrx_word' id='word_1_241' title='bbox 1525 3889 1621 3957; x_wconf 89' lang='lat' dir='ltr'><strong>stre-</strong></span> 
     </span>
     <span class='ocr_line' id='line_1_30' title="bbox 450 4001 1621 4098; baseline -0.001 -21"><span class='ocrx_word' id='word_1_242' title='bbox 450 4004 636 4096; x_wconf 89' lang='lat' dir='ltr'><strong>nuissimo,</strong></span> <span class='ocrx_word' id='word_1_243' title='bbox 655 4001 844 4095; x_wconf 86' lang='lat' dir='ltr'><strong>explorata</strong></span> <span class='ocrx_word' id='word_1_244' title='bbox 861 4002 1075 4098; x_wconf 86' lang='lat' dir='ltr'><strong>proditione,</strong></span> <span class='ocrx_word' id='word_1_245' title='bbox 1093 4004 1139 4078; x_wconf 92' lang='lat' dir='ltr'><strong>de</strong></span> <span class='ocrx_word' id='word_1_246' title='bbox 1160 4009 1267 4078; x_wconf 91' lang='lat' dir='ltr'><strong>nocte</strong></span> <span class='ocrx_word' id='word_1_247' title='bbox 1284 4005 1378 4078; x_wconf 85' lang='lat' dir='ltr'><strong>clam</strong></span> <span class='ocrx_word' id='word_1_248' title='bbox 1397 4003 1544 4078; x_wconf 84' lang='lat' dir='ltr'><strong>intravit</strong></span> <span class='ocrx_word' id='word_1_249' title='bbox 1559 4005 1621 4077; x_wconf 92' lang='lat' dir='ltr'><strong>Vi-</strong></span> 
     </span>
     <span class='ocr_line' id='line_1_31' title="bbox 448 4122 1620 4220; baseline 0.002 -22"><span class='ocrx_word' id='word_1_250' title='bbox 448 4124 624 4216; x_wconf 89' lang='lat' dir='ltr'><strong>centiam;</strong></span> <span class='ocrx_word' id='word_1_251' title='bbox 643 4129 679 4196; x_wconf 89' lang='lat' dir='ltr'><strong>et</strong></span> <span class='ocrx_word' id='word_1_252' title='bbox 698 4122 745 4196; x_wconf 92' lang='lat' dir='ltr'><strong>de</strong></span> <span class='ocrx_word' id='word_1_253' title='bbox 763 4142 872 4197; x_wconf 90' lang='lat' dir='ltr'><strong>mane</strong></span> <span class='ocrx_word' id='word_1_254' title='bbox 897 4123 982 4198; x_wconf 88' lang='lat' dir='ltr'><strong>dato</strong></span> <span class='ocrx_word' id='word_1_255' title='bbox 999 4125 1103 4220; x_wconf 84' lang='lat' dir='ltr'><strong>signo</strong></span> <span class='ocrx_word' id='word_1_256' title='bbox 1121 4145 1207 4198; x_wconf 90' lang='lat' dir='ltr'><strong>cum</strong></span> <span class='ocrx_word' id='word_1_257' title='bbox 1229 4124 1305 4198; x_wconf 91' lang='lat' dir='ltr'><strong>suis</strong></span> <span class='ocrx_word' id='word_1_258' title='bbox 1325 4124 1463 4198; x_wconf 88' lang='lat' dir='ltr'><strong>invadit</strong></span> <span class='ocrx_word' id='word_1_259' title='bbox 1482 4126 1620 4217; x_wconf 84' lang='lat' dir='ltr'><strong>bos&#39;tes3</strong></span> 
     </span>
     <span class='ocr_line' id='line_1_32' title="bbox 447 4241 1621 4338; baseline 0.001 -20"><span class='ocrx_word' id='word_1_260' title='bbox 447 4243 493 4318; x_wconf 88' lang='lat' dir='ltr'><strong>de</strong></span> <span class='ocrx_word' id='word_1_261' title='bbox 518 4261 593 4336; x_wconf 88' lang='lat' dir='ltr'><strong>quo</strong></span> <span class='ocrx_word' id='word_1_262' title='bbox 619 4241 768 4335; x_wconf 90' lang='lat' dir='ltr'><strong>quidam</strong></span> <span class='ocrx_word' id='word_1_263' title='bbox 793 4245 1008 4318; x_wconf 86' lang='lat' dir='ltr'><strong>veronensis</strong></span> <span class='ocrx_word' id='word_1_264' title='bbox 1031 4245 1185 4320; x_wconf 87' lang='lat' dir='ltr'><strong>metrice</strong></span> <span class='ocrx_word' id='word_1_265' title='bbox 1208 4245 1372 4338; x_wconf 88' lang='lat' dir='ltr'><strong>scripsit:</strong></span> <span class='ocrx_word' id='word_1_266' title='bbox 1393 4249 1478 4317; x_wconf 80' lang='lat' dir='ltr'><strong>Ecce</strong></span> <span class='ocrx_word' id='word_1_267' title='bbox 1499 4249 1621 4319; x_wconf 66' lang='lat' dir='ltr'><strong>Coos:</strong></span> 
     </span>
     <span class='ocr_line' id='line_1_33' title="bbox 446 4353 1621 4461; baseline 0.008 -30"><span class='ocrx_word' id='word_1_268' title='bbox 446 4363 582 4454; x_wconf 63' lang='lat' dir='ltr'><strong>molere</strong></span> <span class='ocrx_word' id='word_1_269' title='bbox 599 4363 671 4452; x_wconf 85' lang='lat' dir='ltr'><strong>topi</strong></span> <span class='ocrx_word' id='word_1_270' title='bbox 695 4367 763 4436; x_wconf 88' lang='lat' dir='ltr'><strong>etc.</strong></span> <span class='ocrx_word' id='word_1_271' title='bbox 785 4363 943 4457; x_wconf 90' lang='lat' dir='ltr'><strong>Turpius</strong></span> <span class='ocrx_word' id='word_1_272' title='bbox 959 4353 994 4455; x_wconf 76' lang='lat'><strong>(⁸)</strong></span> <span class='ocrx_word' id='word_1_273' title='bbox 1015 4362 1103 4461; x_wconf 83' lang='lat' dir='ltr'><strong>iuga</strong></span> <span class='ocrx_word' id='word_1_274' title='bbox 1129 4365 1223 4439; x_wconf 87' lang='lat' dir='ltr'><strong>iacta</strong></span> <span class='ocrx_word' id='word_1_275' title='bbox 1249 4371 1303 4438; x_wconf 86' lang='lat' dir='ltr'><strong>est</strong></span> <span class='ocrx_word' id='word_1_276' title='bbox 1328 4385 1415 4438; x_wconf 88' lang='lat' dir='ltr'><strong>cum</strong></span> <span class='ocrx_word' id='word_1_277' title='bbox 1441 4365 1621 4441; x_wconf 88' lang='lat' dir='ltr'><strong>occisione</strong></span> 
     </span>
    </p>
   </div>
   <div class='ocr_carea' id='block_1_3' title="bbox 510 4544 1386 4692">
    <p class='ocr_par' dir='ltr' id='par_1_3' title="bbox 510 4544 1386 4692">
     <span class='ocr_line' id='line_1_34' title="bbox 510 4544 1386 4613; baseline 0.002 -15"><span class='ocrx_word' id='word_1_278' title='bbox 510 4544 539 4608; x_wconf 81' lang='lat'><strong>(¹)</strong></span> <span class='ocrx_word' id='word_1_279' title='bbox 555 4549 579 4603; x_wconf 74' lang='lat' dir='ltr'><strong>t.</strong></span> <span class='ocrx_word' id='word_1_280' title='bbox 595 4557 677 4594; x_wconf 81' lang='lat' dir='ltr'><strong>unum</strong></span> <span class='ocrx_word' id='word_1_281' title='bbox 695 4551 842 4609; x_wconf 77' lang='lat' dir='ltr'><strong>tyrannum.</strong></span> <span class='ocrx_word' id='word_1_282' title='bbox 1030 4549 1059 4613; x_wconf 80' lang='lat'><strong>(¹)</strong></span> <span class='ocrx_word' id='word_1_283' title='bbox 1075 4551 1106 4602; x_wconf 88' lang='grc' dir='ltr'><strong>Ε.</strong></span> <span class='ocrx_word' id='word_1_284' title='bbox 1123 4556 1232 4602; x_wconf 74' lang='lat' dir='ltr'><strong>ceteros</strong></span> <span class='ocrx_word' id='word_1_285' title='bbox 1248 4551 1386 4602; x_wconf 77' lang='lat' dir='ltr'><strong>convertit.</strong></span> 
     </span>
     <span class='ocr_line' id='line_1_35' title="bbox 512 4618 1376 4692; baseline -0.005 -12"><span class='ocrx_word' id='word_1_286' title='bbox 512 4618 538 4684; x_wconf 79' lang='lat'><strong>(⁸)</strong></span> <span class='ocrx_word' id='word_1_287' title='bbox 555 4619 585 4671; x_wconf 73' lang='grc' dir='ltr'><strong>Β·</strong></span> <span class='ocrx_word' id='word_1_288' title='bbox 601 4619 633 4671; x_wconf 73' lang='lat'><strong>‘10</strong></span> <span class='ocrx_word' id='word_1_289' title='bbox 650 4621 763 4685; x_wconf 73' lang='lat' dir='ltr'><strong>Ftsslolt·</strong></span> <span class='ocrx_word' id='word_1_290' title='bbox 1031 4626 1058 4690; x_wconf 78' lang='lat'><strong>(¹)</strong></span> <span class='ocrx_word' id='word_1_291' title='bbox 1075 4627 1106 4676; x_wconf 81' lang='lat' dir='ltr'><strong>li.</strong></span> <span class='ocrx_word' id='word_1_292' title='bbox 1122 4640 1137 4678; x_wconf 85' lang='lat' dir='ltr'><strong>e</strong></span> <span class='ocrx_word' id='word_1_293' title='bbox 1154 4633 1177 4687; x_wconf 84' lang='lat' dir='ltr'><strong>t.</strong></span> <span class='ocrx_word' id='word_1_294' title='bbox 1195 4627 1289 4692; x_wconf 83' lang='lat' dir='ltr'><strong>Turpis</strong></span> <span class='ocrx_word' id='word_1_295' title='bbox 1305 4627 1376 4692; x_wconf 72' lang='lat' dir='ltr'><strong>lugo.</strong></span> 
     </span>
    </p>
   </div>
   <div class='ocr_carea' id='block_1_4' title="bbox 0 0 1878 5680">
    <p class='ocr_par' dir='ltr' id='par_1_4' title="bbox 0 0 1878 5680">
     <span class='ocr_line' id='line_1_36' title="bbox 0 0 1878 5680; baseline 0 3"><span class='ocrx_word' id='word_1_296' title='bbox 0 0 1878 5680; x_wconf 95' lang='lat' dir='ltr'><strong> </strong></span> 
     </span>
    </p>
   </div>
  </div>
 </body>
</html>
