3746 5680
707 531 847 587 caurus
872 533 1002 587 nouus.
1392 525 1438 592 23

265 699 330 754 nes
354 679 515 775 Baptista
548 678 585 750 in
619 678 701 771 alia,
728 680 757 750 c'
769 681 816 750 to
849 681 995 751 disoiate
1020 681 1051 752 te
1071 701 1198 771 pecore
1223 703 1242 752 e
1264 685 1315 772 pti
1339 686 1439 773 cyrri,

261 797 432 893 peroccde'
450 802 497 871 io
515 801 604 892 lutto
630 801 711 890 lupo
735 801 793 871 det
811 806 969 891 pastore,
988 801 1091 892 quasi
1117 800 1223 895 dicat,
1241 803 1339 897 quod
1367 823 1440 876 non

266 920 386 993 sotum
412 919 574 993 ssorenus
601 925 656 992 est
680 938 791 992 causa
819 918 1027 1014 retrahendi
1054 941 1184 1014 papam
1211 939 1233 995 a
1262 922 1440 996 memoria

267 1045 377 1113 terrae
390 1037 536 1132 sancta,
551 1039 613 1114 sed
628 1039 739 1113 etiam
754 1039 965 1113 removendi
982 1039 1099 1134 ipsum
1115 1049 1298 1134 pastorem
1312 1064 1335 1116 a
1349 1063 1436 1136 pro-

265 1159 345 1252 prio
359 1150 396 1251 (⁴)
416 1158 549 1252 officio,
568 1158 666 1252 quod
693 1165 747 1232 est
772 1159 956 1232 custodire
972 1179 1125 1256 gregem
1143 1162 1285 1236 Domini
1304 1162 1372 1255 sui,
1391 1181 1438 1236 ex

264 1298 339 1371 quo
365 1277 531 1370 sequitur
557 1277 714 1352 deviatio
741 1298 917 1373 pecorum
952 1286 987 1352 et
1021 1301 1205 1375 agnorum
1237 1303 1260 1355 a
1292 1281 1440 1376 proprio

264 1399 411 1492 pabulo,
430 1397 566 1472 scilicet
582 1398 629 1470 ab
650 1398 860 1494 evangeliis,
879 1398 1049 1493 epistolis,
1068 1401 1386 1494 praedicationibus
1403 1408 1440 1474 et

264 1518 504 1611 orationibus,
527 1518 612 1611 quia
630 1525 785 1592 vacatur
802 1520 920 1592 sotum
940 1518 1202 1614 decretalibus;
1220 1523 1318 1596 unde
1336 1521 1439 1595 dicit:

260 1659 328 1730 per
351 1644 483 1728 merto,
501 1637 647 1729 scilicet,
669 1638 811 1731 dorem,
838 1641 1054 1728 canaonem
1080 1661 1099 1711 e
1121 1642 1136 1712 i
1159 1646 1285 1713 Dottor
1306 1644 1441 1732 mupni,

266 1757 328 1850 qui
353 1758 486 1831 docent
511 1758 667 1832 satutem
699 1757 922 1850 animarum,
956 1779 1021 1830 son
1053 1761 1212 1850 deretitti,
1243 1759 1345 1854 idest,
1377 1781 1443 1834 ne-

266 1877 385 1973 glecti,
410 1899 429 1949 e
453 1881 529 1950 soto
545 1881 577 1950 si
592 1880 707 1950 studio
724 1881 762 1950 ui
779 1881 966 1968 Decretuti,
984 1900 1067 1971 quae
1085 1879 1234 1952 tradunt
1251 1879 1440 1973 beneficia,

266 1995 381 2091 lucra,
400 2004 437 2072 et
458 1999 616 2072 honores
634 2005 715 2090 etc,
733 1997 831 2090 quod
850 1997 952 2094 signa
970 1998 1151 2072 evidentia
1169 1998 1439 2092 demonstrant3

267 2116 365 2191 unde
390 2116 497 2190 dicit:
523 2110 553 2188 si
577 2120 637 2189 cire
666 2138 756 2208 parc
782 2119 819 2189 ui
844 2120 922 2190 toro
956 2121 1110 2208 acapna,
1142 2117 1244 2213 idest,
1281 2119 1443 2194 vestibus

270 2257 400 2310 eorum
429 2236 662 2330 sumptuosis,
690 2237 853 2310 variatis:
881 2237 1079 2333 vivagnum
1107 2237 1205 2312 enim
1233 2230 1436 2330 vocatur(²)

270 2357 482 2432 extremitas
508 2357 628 2450 panni,
651 2377 716 2451 per
734 2355 833 2450 qrrod
859 2378 1000 2450 pannus
1026 2358 1269 2453 cognoscitur.
1297 2359 1443 2432 Vadunt

267 2476 364 2550 euim
393 2483 557 2569 pastores
582 2476 748 2551 moderni
784 2497 869 2550 cum
905 2477 1036 2550 mantis
1065 2478 1206 2572 amplis,
1236 2479 1440 2571 subtilibus

267 2595 450 2688 moltibus,
475 2595 521 2669 de
553 2596 688 2689 quibus
725 2595 867 2670 dicetur
900 2596 1043 2689 plenius
1072 2596 1233 2671 interiori
1266 2598 1435 2692 capituto.

267 2719 357 2786 -A
385 2721 513 2805 questo
539 2714 604 2787 Hic
634 2721 742 2787 autor
774 2714 904 2808 repetit
934 2715 1033 2807 quod
1058 2715 1211 2808 dixerat,
1237 2716 1383 2790 dicens:
1409 2720 1443 2788 u

261 2853 362 2925 popo
387 2855 406 2904 e
430 2836 444 2904 i
467 2835 644 2905 cardinali
666 2836 803 2906 intende
819 2855 842 2905 u
860 2841 989 2924 questo,
1008 2833 1154 2926 scilicet,
1172 2834 1359 2928 cupiditati
1377 2855 1442 2928 pe·

268 2951 399 3044 cuniae,
425 2957 462 3024 et
488 2952 731 3026 decretatibus
749 2952 953 3045 cupiditatis
973 2972 1105 3044 causa3
1131 2956 1186 3024 ei
1211 2954 1268 3024 tor
1290 2957 1442 3045 permen·

267 3093 340 3144 non
364 3091 481 3143 auurro
501 3091 525 3142 α
550 3075 629 3143 Nar
632 3078 752 3160 arette,
779 3091 863 3163 quac
888 3078 943 3144 est
959 3070 1005 3144 de
1023 3078 1121 3144 terra
1142 3076 1280 3163 sancta,
1298 3062 1333 3143 td
1351 3075 1439 3144 dove

270 3192 469 3264 catonem
486 3212 610 3282 operae
626 3193 718 3282 toti,
741 3190 887 3282 scilicet,
901 3195 1067 3282 tempore
1084 3189 1376 3265 Annuntiationis
1391 3183 1440 3283 (Β).

268 3317 393 3384 -Μα
425 3313 601 3382 Vaticano.
631 3310 695 3382 Hic
725 3308 855 3381 ultimo
887 3307 1041 3380 ostendit
1073 3310 1260 3401 quomodo
1289 3310 1361 3384 cito
1395 3312 1441 3384 ad

269 3431 415 3524 cuipam
443 3429 610 3524 sequitur
638 3427 803 3520 vindicta,
830 3433 866 3501 et
892 3427 1053 3522 praedicit
1079 3435 1236 3502 mortem
1264 3431 1443 3504 miseran·

271 3548 353 3622 dam
374 3550 484 3644 ipsius
498 3549 669 3623 Boniiacii
684 3572 693 3619 ε
709 3537 815 3640 Moi‘)
834 3551 1010 3639 Vaticano,
1025 3548 1123 3640 quod
1138 3554 1193 3622 est
1206 3550 1441 3642 cimiterium,

271 3670 332 3743 ubi
347 3671 531 3764 sepultum
548 3669 614 3742 tuit
631 3689 766 3762 corpus
779 3667 874 3741 beati
889 3666 998 3759 Petri,
1012 3673 1048 3740 et
1062 3668 1266 3741 multorum
1281 3669 1437 3742 aliorum

268 3788 497 3881 Pontificum,
522 3808 541 3859 e
566 3791 692 3860 t'ottre
714 3789 813 3879 porti
836 3789 927 3858 olette
947 3788 986 3858 di
1005 3791 1132 3875 Roma,
1151 3787 1287 3861 scilicet
1312 3787 1442 3879 alico,

270 3908 307 3980 in
333 3907 467 4002 quibus
492 3914 578 3979 sunt
604 3926 759 4000 corpora
784 3906 988 3978 multorum
1016 3911 1224 4000 martyrum
1243 3912 1280 3978 et
1305 3906 1441 4001 templa

268 4033 499 4120 sanctorum3
518 4025 616 4100 unde
632 4025 740 4099 dicit:
761 4027 822 4097 cte
838 4045 901 4096 son
920 4030 1007 4096 stote
1027 4026 1181 4095 cimitero
1203 4026 1276 4094 utto
1296 4026 1443 4114 miliaro,

269 4145 415 4239 scilicet,
435 4152 642 4241 martyrum
669 4151 707 4220 et
726 4135 942 4218 ¹sanctorum
962 4141 1025 4235 qui
1047 4147 1308 4236 pugnaverunt
1324 4163 1444 4234 usquc

330 4417 358 4477 t')
376 4418 406 4467 B.
423 4432 438 4467 a
454 4419 559 4480 proprio
575 4419 615 4467 sui
630 4416 726 4468 officio.

331 4492 359 4554 (¹)
376 4494 406 4543 ii.
424 4493 579 4557 appeliatum

330 4568 356 4632 ι’)
373 4567 403 4618 Ε.
420 4569 631 4618 Annuntiationis
647 4568 837 4632 gloriosissima
853 4566 966 4630 Virginis
981 4567 1080 4618 Marisa.
1092 4593 1122 4605 -
1132 4567 1188 4618 ua.

330 4645 357 4704 (⁸)
373 4645 405 4694 B.
422 4645 526 4694 diceus:
544 4645 599 4696 dtu.
