3746 5680
468 489 514 556 48
857 499 1062 554 counuruu
1086 499 1254 552 unnrmsr

466 665 550 718 rum
568 644 812 740 gloriosorum
827 643 1035 736 doctorum,
1050 644 1238 732 maurusi,
1251 641 1388 715 scilicet
1400 641 1642 735 circulariter,

464 786 483 836 e
506 767 637 836 render
663 785 744 836 vore
769 785 793 836 a
818 785 913 856 voce,
934 763 1037 857 idest,
1061 759 1416 858 proportionabiliter
1432 753 1469 852 (¹)
1495 761 1643 836 contor—

466 905 570 959 mare
595 905 704 959 voces
729 905 862 959 eorum
891 884 927 957 in
953 890 1082 977 cantu3
1104 883 1203 957 unde
1228 881 1332 956 dicit:
1350 885 1388 954 in
1405 889 1541 975 tempra
1558 891 1591 956 et
1606 886 1643 956 in

465 1007 633 1078 dolcezzo
657 1007 708 1076 olr'
718 1025 814 1076 esser
839 1025 911 1076 non
931 996 1005 1095 pud
1024 1011 1121 1094 antu,
1141 1003 1243 1095 idest,
1262 1001 1451 1077 manifesta
1467 993 1504 1094 (Ἴ
1524 1010 1561 1077 et
1578 1023 1644 1076 oo-

465 1123 576 1220 gnita,
602 1144 640 1196 se
671 1145 744 1196 uon
768 1113 859 1213 cotd,
886 1122 1033 1214 scilicet,
1059 1123 1095 1196 in
1121 1122 1227 1214 uoelo,
1259 1125 1348 1194 dove
1371 1125 1645 1214 s’insemprait

463 1248 587 1335 piotre,
615 1244 716 1336 idest,
743 1243 805 1317 uhi
832 1242 1008 1316 continuo
1033 1247 1070 1316 et
1097 1249 1277 1336 perpetuo
1294 1241 1490 1337 gaudetur.
1509 1241 1553 1314 Et
1570 1243 1640 1316 hoe

465 1364 610 1459 respicit
634 1364 670 1437 id
695 1362 793 1456 quod
811 1362 900 1436 dixit
917 1382 1040 1456 supra,
1064 1362 1164 1456 quod
1181 1367 1311 1435 cantus
1329 1361 1477 1435 illarum
1498 1361 1642 1435 anima·

466 1505 549 1557 rum
577 1503 650 1556 uon
675 1488 819 1577 poterat
844 1481 938 1555 trahi
964 1481 1011 1556 de
1036 1483 1149 1575 eoelo;
1176 1481 1275 1555 uude
1294 1480 1522 1574 quicumque
1539 1481 1641 1555 role-

465 1602 528 1676 hat
552 1601 646 1675 scire
671 1601 718 1675 de
742 1621 788 1674 eo
812 1601 969 1676 debehat
993 1603 1121 1675 volare
1148 1601 1184 1673 in
1210 1601 1347 1674 coelum
1374 1599 1468 1675 sieut
1493 1601 1579 1694 ipse.
1597 1600 1641 1673 Et

467 1723 536 1796 hoc
560 1721 642 1796 dico
668 1722 835 1796 lecerunt
859 1721 930 1794 itte
954 1723 1099 1816 animae,
1124 1713 1196 1794 cosi
1219 1742 1316 1793 conte
1340 1723 1501 1811 orotopro
1522 1724 1581 1794 cle
1596 1743 1641 1795 ne

466 1844 593 1914 ctmmt
616 1843 694 1914 nott
707 1862 776 1913 orn
801 1843 861 1913 ote
891 1843 929 1912 tn
952 1863 1059 1933 sporo
1083 1843 1122 1912 di
1146 1843 1229 1931 Dio,
1256 1840 1347 1913 idest
1372 1840 1536 1933 ecclesia,
1569 1842 1639 1914 hoc

465 1969 520 2036 est
534 1952 571 2054 (³)
599 1962 758 2058 religiosi
784 1963 847 2055 qui
872 1960 1038 2035 serviunt
1058 1961 1095 2033 in
1124 1960 1288 2053 eeclesia,
1305 1981 1413 2051 rurpe
1429 1983 1453 2033 u
1470 1965 1638 2034 muttum

464 2085 499 2154 to
523 2103 642 2175 sporo,
670 2083 805 2156 scilicet
831 2081 1015 2156 Christum
1032 2070 1081 2174 (⁵),
1108 2081 1200 2154 idest
1224 2081 1270 2154 ad
1295 2081 1489 2155 dicendum
1519 2089 1641 2156 matu·

465 2202 597 2295 tinum,
621 2199 749 2294 perctd
771 2205 900 2274 t'ami:
926 2208 963 2275 et
979 2201 1101 2275 subdit
1118 2201 1359 2296 proprietates
1381 2200 1570 2296 horologii,
1588 2201 1643 2274 di-

464 2341 574 2394 cens:
600 2323 660 2393 cle
684 2324 706 2392 l’
718 2341 790 2393 uno
811 2329 917 2413 porte
941 2341 960 2391 e
985 2323 1112 2394 t'altro
1129 2324 1200 2394 τίνα
1215 2328 1250 2394 et
1267 2343 1366 2413 urpe,
1388 2321 1491 2415 idest,
1510 2321 1640 2415 impel-

469 2439 520 2531 lit,
538 2442 699 2513 rmrondo
722 2443 771 2514 tin
797 2445 859 2534 tia,
883 2441 985 2535 idest,
1000 2441 1179 2537 pulsando
1200 2441 1456 2536 campanellas,
1478 2462 1638 2535 quarum

466 2579 578 2632 sonus
608 2561 811 2654 appellatur
847 2561 1017 2636 tinnitus:
1047 2562 1143 2636 uude
1177 2567 1213 2636 et
1247 2563 1475 2655 campanella
1506 2563 1640 2636 dieitur

465 2679 760 2754 tintinnabulum.
787 2683 831 2754 Et
856 2681 963 2756 dicit:
990 2703 1056 2755 oon
1081 2676 1111 2755 si
1136 2685 1426 2775 mmeramme
1446 2686 1472 2755 't
1494 2684 1559 2756 den
1583 2685 1638 2755 di-

464 2808 582 2892 sporto
598 2805 710 2894 spirto
725 2803 761 2874 d’
775 2823 880 2876 amor
897 2809 1010 2893 trrrpe,
1029 2802 1131 2895 idest,
1149 2802 1296 2876 inllatur
1313 2822 1442 2876 amore
1459 2802 1640 2878 serviendi

465 2923 552 3016 Deo,
579 2929 616 2997 et
642 2921 815 2996 reddendi
840 2923 977 3018 gratias
1002 2930 1039 2998 et
1065 2923 1193 2998 laudes
1210 2923 1403 2998 ditissimo.
1424 2924 1467 2996 Et
1484 2923 1534 2997 sic
1555 2922 1637 2996 vide

465 3042 651 3135 quomodo
675 3043 901 3136 eomparatio
919 3049 975 3117 est
992 3042 1138 3136 propria
1157 3043 1204 3117 ad
1222 3043 1448 3138 propositum
1468 3062 1638 3136 praesens.

464 3162 523 3236 lsti
542 3162 639 3235 euim
658 3162 826 3236 doctores
844 3162 993 3236 studiosi
1008 3169 1282 3237 consueverunt
1295 3182 1451 3258 surgere
1468 3163 1515 3235 de
1533 3168 1639 3236 nocte

466 3281 512 3354 ad
537 3280 769 3374 studendum,
795 3281 889 3354 sicut
915 3281 983 3354 viri
1004 3282 1165 3377 religiosi
1182 3282 1229 3355 ad
1249 3281 1443 3356 dicendum
1462 3280 1638 3372 officium,

468 3421 554 3474 oum
581 3407 726 3495 tempus
752 3407 976 3474 nocturnum
1002 3401 1047 3475 sit
1068 3402 1185 3497 magis
1202 3409 1329 3498 aptum
1347 3401 1583 3495 speculationi
1601 3405 1638 3474 et

467 3519 774 3613 contemplationi.

1550 3679 1639 3690 *-

528 3779 556 3842 (¹)
574 3781 604 3830 E.
622 3781 859 3843 proportionaliter.
1165 3781 1193 3844 (¹)
1209 3783 1238 3832 Ε,
1255 3782 1425 3833 munitam,

528 3856 555 3922 (⁸)
572 3857 602 3908 li.
620 3857 670 3908 hoo
685 3861 726 3908 ert
738 3856 827 3908 clerici
843 3863 870 3908 et
887 3858 1009 3923 religiosi.
1166 3859 1194 3920 ζ’)
1211 3859 1241 3910 R
1258 3859 1348 3910 lesum
1364 3856 1504 3908 Christum.

922 4219 1186 4229 -——-—
