3746 5680
454 465 501 530 26
845 470 1048 525 counnruu
1073 453 1249 524 rmaorsr'

456 618 541 712 quia
556 609 757 712 Spiritusl⁴l
775 614 938 712 procedit
950 615 1141 708 aequaliter
1153 614 1200 687 ah
1220 619 1390 707 utroque,
1402 618 1438 707 se
1449 635 1515 686 coa
1529 623 1626 690 tuoto

453 741 577 812 ordine
597 745 728 829 quanto
744 739 776 810 si
795 739 878 828 piro
894 757 960 828 per
976 741 1085 808 mente
1101 756 1124 806 o
1138 756 1204 826 per
1223 737 1353 826 ocello,
1377 736 1482 828 quasi
1503 736 1622 811 dicat:

452 857 627 951 quicquid
651 862 771 951 potest
796 855 947 950 cogitari
971 849 1192 952 mentaliter,
1220 854 1361 927 moveri
1394 854 1559 929 localiter
1585 857 1621 929 in

452 975 638 1069 universo,
665 975 712 1049 ab
743 975 818 1069 ipsa
850 973 1010 1048 trinitate
1044 981 1099 1047 est
1125 971 1244 1047 taliter
1276 973 1498 1066 ordinatum,
1525 975 1624 1067 quod

452 1095 537 1169 nihil
563 1104 682 1190 potest
707 1094 754 1168 ab
773 1095 849 1188 ipso
866 1093 994 1167 ordine
1011 1093 1204 1168 declinare.
1223 1093 1267 1164 Et
1286 1091 1408 1166 subdit
1425 1094 1523 1187 quod
1542 1100 1625 1167 tan·

453 1222 511 1288 tus
536 1215 627 1289 ordo
653 1234 734 1288 esse
759 1234 833 1287 non
858 1219 979 1306 posset
1004 1212 1070 1284 nisi
1095 1212 1143 1285 ah
1175 1233 1250 1285 uno
1282 1211 1456 1306 principe,
1481 1212 1544 1306 qui
1570 1220 1623 1287 tot

453 1340 492 1408 et
516 1340 591 1406 tam
609 1331 754 1407 diversa
771 1331 954 1406 contraria
972 1331 1068 1405 inter
1084 1351 1124 1404 se
1145 1330 1387 1427 repugnantia
1404 1331 1514 1404 simul
1535 1313 1625 1406 con-

453 1460 616 1528 necteret
633 1459 670 1526 et
688 1453 828 1548 ligaret
847 1452 949 1526 Unde
965 1451 1071 1526 dicit:
1098 1455 1148 1524 el’
1162 1473 1257 1524 esser
1282 1472 1355 1524 noa
1374 1457 1493 1543 prore,
1520 1452 1622 1544 idest,

452 1574 519 1648 iste
548 1578 672 1646 tantus
703 1573 793 1646 ordo
826 1592 906 1646 esse
937 1591 1009 1646 non
1036 1576 1163 1665 potest,
1189 1592 1299 1644 scazo
1331 1579 1457 1661 pastor
1489 1575 1527 1644 di
1559 1574 1620 1662 lui,

452 1693 552 1786 idest,
579 1692 657 1766 sine
683 1693 818 1767 sentire
844 1700 880 1766 et
906 1691 1123 1787 participare
1147 1692 1193 1766 de
1219 1693 1306 1784 lleo,
1333 1691 1397 1783 qui
1422 1699 1478 1765 est
1503 1693 1621 1787 prima

451 1832 562 1888 causa
587 1811 699 1905 ipsius
724 1811 872 1904 ordinis,
890 1819 927 1885 et
944 1811 1009 1903 qui
1028 1811 1090 1884 dat
1107 1810 1278 1884 omnihus
1296 1831 1377 1884 esse
1396 1817 1433 1883 et
1460 1816 1625 1903 motum;

450 1931 549 2004 unde
574 1937 612 2005 et
636 1930 758 2024 primo
775 1930 934 2026 capitulo
952 1929 1062 2002 huius
1080 1928 1239 2004 Paradisi
1260 1930 1397 2004 dictum
1420 1937 1475 2004 est
1491 1929 1537 2002 de
1555 1930 1623 2003 isto

450 2051 600 2125 ordine:
626 2073 646 2123 e
670 2058 787 2144 questo
812 2049 973 2144 e‘sorma
997 2053 1057 2123 cle
1081 2053 1280 2122 luntoerso
1311 2070 1335 2121 α
1362 2053 1429 2123 Dio
1457 2055 1500 2144 sa
1528 2055 1626 2124 dmi·

449 2174 598 2261 phuam:
624 2177 661 2243 et
686 2170 790 2243 dicit:
817 2173 871 2243 clri
894 2163 947 2242 eid
964 2173 1105 2259 rimlrm
1124 2170 1225 2261 idest,
1247 2169 1375 2262 siquis
1399 2171 1494 2244 hene
1510 2171 1626 2244 subti-

450 2289 532 2361 liter
557 2288 747 2362 advertat:
775 2289 872 2363 unde
902 2288 1101 2384 philosophi
1127 2289 1351 2363 admirantes
1383 2290 1494 2362 istum
1527 2291 1625 2365 ordi-

453 2427 538 2480 nem
565 2407 796 2482 devenerunt
820 2408 856 2481 in
883 2409 1127 2504 cognitionem
1155 2409 1230 2482 Dei.
1247 2449 1296 2462 -
1310 2413 1411 2482 Leon.
1429 2409 1495 2483 llic
1515 2417 1625 2484 autor

450 2526 621 2600 describit
646 2528 911 2603 ordinationem
928 2521 965 2620 (²)
991 2530 1091 2603 coeli:
1119 2537 1155 2604 et
1181 2530 1300 2624 primo
1327 2529 1454 2603 invitat
1478 2531 1623 2605 audito·

450 2665 531 2721 rem
557 2646 604 2721 ad
630 2647 935 2722 considerandum
963 2649 1168 2723 mirabilem
1189 2649 1355 2723 ordinem
1374 2670 1450 2742 quo
1467 2669 1624 2745 corpora

451 2766 641 2860 superiora
667 2772 877 2860 moventur,
895 2774 932 2841 ot
952 2773 1086 2863 regunt
1111 2767 1295 2842 interiora.
1321 2767 1374 2840 hd
1395 2767 1501 2841 cuius
1518 2767 1625 2842 intel-

451 2884 636 2979 ligentiam
664 2893 719 2960 est
751 2886 1044 2980 praenotandum,
1071 2886 1169 2980 quod
1196 2894 1319 2960 motus
1349 2885 1570 2962 firmamenti
1587 2877 1623 2978 (³)

451 3005 562 3078 trahit
576 2993 612 3096 (⁸)
646 3006 694 3079 ab
725 3005 867 3081 oriente
896 3027 1028 3080 versus
1058 3005 1309 3098 occidentem,
1345 3007 1500 3099 planetae
1534 3025 1625 3080 vero

450 3129 578 3198 contra
610 3124 721 3198 istum
752 3131 895 3198 motum
934 3125 1072 3199 iaciunt
1110 3125 1338 3198 contrarium
1369 3144 1522 3199 cursum
1556 3123 1625 3198 suh

450 3241 574 3334 aliquo
600 3242 750 3335 circulo,
773 3243 836 3336 qui
862 3244 994 3317 dicitur
1019 3244 1201 3336 zodiacus,
1222 3244 1285 3336 qui
1312 3243 1349 3318 in
1374 3264 1481 3337 spera
1507 3243 1624 3316 inter-

451 3366 551 3434 secat
575 3360 755 3434 circulum
782 3362 1086 3456 aequinoctialem,
1112 3372 1149 3438 et
1175 3364 1417 3437 intersecatur
1443 3363 1490 3435 ah
1516 3382 1561 3435 eo
1587 3361 1623 3433 in

451 3481 543 3554 duas
567 3487 690 3574 partes
715 3481 895 3574 aequales3
928 3489 964 3556 et
994 3504 1066 3556 una
1095 3482 1270 3557 medietas
1299 3481 1434 3556 zodiaci
1468 3481 1624 3556 declinat

451 3619 581 3672 versus
607 3600 904 3694 septentrionem,
923 3601 993 3675 alia
1010 3621 1141 3676 versus
1160 3601 1361 3674 meridiem.
1381 3601 1424 3672 llt
1441 3606 1539 3672 totus
1556 3599 1623 3672 iste

451 3720 621 3794 zodiacus
646 3718 817 3794 dividitur
844 3721 879 3793 in
897 3721 1091 3796 duodecim
1109 3727 1231 3816 partes
1251 3722 1431 3813 equales,
1458 3724 1495 3792 et
1520 3737 1623 3810 quae-

450 3839 537 3914 libet
563 3861 647 3936 pars
673 3848 728 3915 est
761 3861 834 3914 una
859 3840 1095 3935 constellatio,
1123 3861 1207 3933 quae
1233 3839 1437 3935 appellatur
1462 3837 1622 3933 signum.

450 3961 658 4056 Alloquitur
684 3983 774 4058 ergo
799 3968 909 4034 autor
929 3962 1117 4054 lectorem,
1136 3968 1173 4034 et
1190 3959 1298 4034 dicit:
1324 3957 1623 4051 quandoquidem

450 4081 502 4154 sic
531 4090 587 4155 est
619 4082 717 4175 quod
743 4080 866 4155 omnia
897 4081 1032 4155 habent
1061 4080 1241 4171 ordinem,
1268 4084 1428 4170 Duoquc,
1457 4099 1480 4176 o
1511 4080 1624 4165 letter,

451 4201 528 4272 leva
553 4202 590 4271 la
615 4202 704 4272 vista
736 4221 843 4290 muco,
875 4199 979 4293 idest,
1014 4199 1300 4294 speculationem
1327 4196 1623 4287 intellectualem,

512 4427 541 4489 (¹)
556 4426 586 4476 lt.
602 4426 713 4489 Spiritus
729 4427 837 4478 Sanctus
853 4429 979 4490 procedit.
1207 4427 1235 4489 (¹)
1251 4428 1277 4479 s.
1295 4427 1421 4477 ordinem.

512 4501 540 4643 ἐξ
556 4502 587 4629 ξ,
596 4501 760 4628 etlsgmamenli
776 4504 926 4556 oboriente
942 4517 1032 4554 versus
1047 4504 1211 4555 occidentem
1228 4505 1399 4563 terminatum
1416 4500 1535 4565 plancta.

572 4615 579 4640 ,
637 4615 644 4628 .
