3746 5680
666 495 803 550 elusos
830 497 958 550 nonus.
1351 489 1395 553 21

226 617 413 718 libidinosa
439 642 484 715 sil
509 643 624 738 posita
651 641 687 713 in
719 647 794 715 tam
827 643 901 716 alto
930 641 1048 738 gradu
1077 642 1328 737 beatitudinis3
1361 649 1399 716 et

224 764 309 839 dicit
335 762 434 857 quod
459 763 528 835 hoc
546 767 601 835 est
616 767 766 856 propter
790 781 883 855 opus
908 761 1022 854 pium,
1044 762 1143 854 quod
1161 763 1236 856 ipsa
1256 762 1399 836 miseri-

226 884 384 958 corditer
402 882 485 956 lecit
502 902 591 977 erga
610 882 786 976 populum
805 880 881 973 Dei,
905 881 1003 955 unde
1024 881 1128 954 dicit:
1147 887 1184 955 et
1206 882 1265 955 illa
1285 882 1397 974 Raab,

223 1007 264 1096 su
277 1009 434 1093 assunto,
447 1003 550 1096 idest,
565 1010 724 1096 recepta,
734 1004 782 1074 da
795 1008 913 1092 questo
926 1004 1024 1091 eielo,
1038 1001 1173 1076 scilicet
1186 1003 1348 1095 VeneriS,
1362 1007 1399 1074 in

225 1126 281 1196 nui
295 1126 318 1195 l'
332 1123 456 1194 omhra
472 1123 532 1194 che
543 1124 569 1194 'l
585 1125 712 1194 ruendo
730 1129 848 1194 υοεινο
862 1126 954 1215 sare,
969 1122 1070 1215 idest,
1086 1122 1131 1195 ad
1150 1123 1247 1215 quod
1262 1123 1398 1196 eoelum

226 1243 446 1317 terminatur
472 1242 607 1315 umbra
632 1262 744 1334 quam
771 1241 855 1315 lacit
881 1249 992 1335 terra,
1019 1243 1105 1335 quia
1131 1244 1264 1316 umbra
1289 1251 1399 1317 terrae

220 1363 309 1458 jacit
339 1383 455 1436 cornu
486 1382 596 1435 suum
624 1380 742 1453 usque
767 1361 814 1434 ad
839 1381 983 1455 speram
1018 1360 1180 1456 Veneris,
1213 1369 1253 1436 ut
1286 1363 1415 1466 aliqui¹

226 1483 372 1575 volunl3
391 1490 427 1554 et
447 1481 547 1555 dicit:
562 1485 648 1573 prio
673 1484 723 1553 clr'
737 1484 817 1553 ultr
828 1484 937 1574 almo,
957 1481 1058 1574 idest,
1085 1482 1299 1596 priusquam
1326 1482 1397 1556 alia

225 1602 360 1694 anima,
374 1604 431 1674 del
442 1605 572 1695 hiunso
585 1605 622 1675 di
637 1605 761 1693 croto,
776 1601 878 1694 quasi
892 1601 999 1694 dicat,
1013 1601 1111 1694 quod
1124 1602 1191 1674 luit
1208 1603 1347 1676 salvata
1362 1609 1399 1676 et

226 1720 431 1794 beatificata
448 1721 485 1793 in
506 1722 601 1794 eoelo
622 1720 836 1815 priusquam
858 1720 929 1793 alia
954 1720 1077 1794 anima
1097 1721 1143 1795 de
1169 1728 1266 1795 secta
1286 1741 1399 1795 vene-

228 1860 390 1934 reorum‚
405 1841 552 1934 quando
565 1841 727 1914 Christus
742 1840 979 1935 triumphavit
992 1840 1038 1914 de
1052 1846 1171 1914 morte
1184 1847 1221 1915 et
1234 1841 1396 1933 diaholo;

227 1959 289 2052 qui
308 1980 505 2055 resurgens
522 1960 705 2034 descendit
721 1960 767 2033 ad
786 1959 931 2053 inferos,
946 1966 982 2033 et
1000 1960 1165 2053 spoliavit
1182 1961 1336 2033 limbum
1362 1968 1399 2034 et

226 2080 347 2173 rapuit
372 2080 546 2173 praedam.
573 2081 616 2152 Et
642 2080 758 2154 reddit
780 2079 961 2154 rationem
984 2100 1100 2173 quare
1118 2081 1234 2173 prima
1254 2079 1321 2153 tuit
1338 2101 1398 2154 as-

226 2206 371 2292 sumpta
399 2200 434 2272 in
460 2201 595 2273 ooelum
624 2199 729 2292 istud,
751 2199 891 2273 dicens:
915 2200 979 2272 hen
995 2203 1027 2272 st
1042 2221 1229 2292 convenae,
1249 2200 1397 2293 scilicet,

226 2323 358 2392 lasum
378 2323 422 2392 tei
437 2342 504 2412 per
518 2323 644 2411 palma
668 2323 706 2392 in
731 2322 834 2392 dcun
854 2322 952 2409 cielo,
970 2319 1071 2413 idest,
1092 2321 1313 2395 conveniens
1330 2321 1398 2394 luit

228 2439 327 2531 quod
358 2439 614 2513 ostenderetur
648 2438 684 2512 in
720 2439 787 2513 ista
812 2459 919 2533 spera
945 2439 1107 2532 Veneris,
1134 2441 1179 2514 de
1203 2440 1310 2516 cuius
1341 2441 1398 2513 in-

226 2559 375 2633 lluentia
402 2558 542 2633 sortiter
568 2559 745 2654 impressa
770 2566 808 2634 et
832 2558 1074 2634 conditionata
1108 2560 1145 2633 iu
1175 2561 1396 2635 memoriam

227 2679 315 2752 tanti
341 2677 524 2770 beneficii3
551 2685 588 2752 et
612 2678 719 2752 dicit:
747 2681 824 2751 dell'
837 2680 912 2750 olto
937 2681 1077 2751 olitorio
1102 2681 1217 2751 chesi
1241 2672 1396 2772 acquisiti

224 2819 291 2870 con
316 2801 422 2870 tuna
448 2819 466 2869 e
491 2799 620 2869 l'altro
641 2800 775 2888 palma.
803 2797 847 2869 Et
872 2796 930 2870 hic
955 2804 1040 2871 nota
1067 2798 1165 2890 quod
1191 2797 1303 2891 aliqui
1330 2819 1397 2872 ex-

224 2923 364 3011 ponunt
383 2916 488 2989 istam
507 2915 651 2989 literam
669 2916 744 2990 sio:
763 2916 922 3010 quando,
941 2916 1086 3010 scilicet,
1106 2924 1266 3009 utraque
1284 2938 1395 2990 manu

225 3036 336 3110 traxit
360 3042 398 3110 et
422 3035 589 3129 deposuit
614 3055 679 3129 per
710 3036 907 3109 fenestram
935 3037 1186 3131 exploratores
1212 3037 1334 3128 Josue,
1360 3045 1398 3109 et

225 3157 275 3230 sic
301 3155 399 3230 dedit
424 3155 613 3229 victoriam
631 3155 709 3227 sihi.
731 3155 798 3228 alii
817 3161 941 3229 tamen
959 3163 1148 3249 exponunt
1165 3157 1264 3249 quod
1282 3157 1397 3231 victo-

225 3275 278 3350 ria
304 3282 409 3369 parta
435 3275 502 3348 luit
527 3275 753 3349 orationihus
778 3275 889 3348 losue
915 3281 952 3348 et
978 3275 1146 3349 manibus
1172 3277 1306 3370 populi.
1325 3276 1397 3350 Sed

226 3402 326 3469 eerte
343 3401 503 3487 utraque
520 3394 697 3487 expositio
715 3414 946 3488 supervacua
960 3401 1030 3488 esi3
1049 3395 1135 3488 quia
1155 3397 1184 3468 si
1203 3396 1284 3489 quis
1301 3396 1397 3472 bene

227 3513 389 3606 inspiciat
414 3513 508 3589 istud
534 3512 672 3586 dictum
700 3533 773 3585 non
800 3512 959 3588 refertur
984 3513 1031 3586 ad
1057 3513 1247 3588 victoriam
1273 3514 1396 3609 Josue‚

226 3652 309 3726 quae
335 3639 461 3728 postea
486 3631 655 3726 sequitur
680 3631 717 3705 in
737 3632 853 3725 litera,
872 3633 948 3706 imo
966 3633 1125 3708 refertur
1141 3635 1187 3708 ad
1206 3635 1397 3710 victoriam

226 3751 355 3826 Christi
371 3747 408 3844 (¹)
422 3752 702 3846 precedentem,
724 3752 810 3846 quia
823 3753 902 3847 jam
920 3753 1009 3825 dixit
1023 3777 1031 3824 :
1050 3755 1108 3827 del
1123 3757 1253 3847 hionso
1266 3758 1303 3828 di
1319 3761 1398 3829 Cri-

106 3917 116 3938 .
225 3879 298 3964 slo;
324 3873 405 3946 ideo
431 3872 535 3950 litera
560 3877 766 3966 exponatur
791 3871 865 3945 sic:
892 3874 969 3944 dell'
982 3874 1055 3945 olto
1081 3875 1234 3963 vitono,
1252 3875 1397 3968 scilicet,

226 3989 354 4064 Christi
367 3981 403 4081 (²)
417 4011 489 4084 qua
505 3991 604 4064 nulla
619 4010 783 4082 unquam
799 3990 866 4063 luit
879 3990 998 4084 altior,
1012 3993 1072 4064 che
1083 3985 1280 4082 s’ocqoistd,
1294 3991 1397 4086 idest,

227 4129 338 4201 quam
364 4108 554 4184 uictoriam
582 4109 658 4204 ipse
672 4100 710 4201 (³)
736 4109 900 4182 Christus
925 4109 1127 4203 acquisivit,
1153 4130 1219 4180 con
1248 4112 1271 4181 l’
1284 4131 1357 4183 unu
1381 4134 1400 4184 e

227 4233 249 4302 Γ
262 4232 357 4303 oltra
379 4232 516 4322 palma,
534 4230 620 4322 quia
647 4236 808 4324 utraque
833 4250 947 4303 manu
974 4229 1041 4302 luit
1066 4229 1199 4302 affixus
1224 4231 1343 4324 cruci;
1361 4241 1399 4308 et

227 4369 313 4423 eece
338 4370 454 4442 quare
468 4374 477 4422 :
492 4350 688 4442 perch'ello
710 4341 889 4442 [uvardia
909 4352 1028 4441 primo
1045 4353 1176 4440 plorio,
1198 4349 1299 4444 idest,
1316 4353 1398 4447 glo-

287 4536 314 4594 l¹l
331 4535 360 4584 Ε.
377 4535 438 4585 lesu
454 4535 555 4586 Christi.
742 4535 769 4599 (¹)
787 4538 817 4588 E.
833 4538 896 4588 lesu
912 4537 1004 4590 Christi
1022 4539 1127 4590 Domini
1142 4539 1234 4598 nostri,
1251 4552 1310 4602 qun.

287 4607 314 4670 l‘l
330 4610 361 4660 E.
377 4611 430 4673 lpse
446 4612 573 4663 hominm
589 4616 677 4666 noster
691 4613 766 4664 lesus
781 4612 906 4665 Christus.
