3746 5680
656 534 794 590 caurus
818 537 947 590 nonus.
1006 537 1008 542 ·
1342 525 1384 591 19

213 689 250 756 et
276 700 506 772 rememoras
519 671 555 770 (¹)
586 678 672 752 mihi
699 679 764 752 ista
791 679 885 753 lacta
911 679 1050 753 lubrica
1077 686 1115 754 et
1141 681 1387 773 voluptuosa?

212 803 341 875 Nonne
366 801 466 874 doles
492 807 529 874 et
554 799 740 874 erubescis
766 799 811 872 de
839 799 899 872 tali
922 800 1028 892 eulpa
1044 804 1058 870 'l
1075 799 1281 895 Respondet
1301 800 1388 872 Ful-

213 940 435 1014 nusquam
470 940 543 993 non
570 919 746 1013 tristatur,
774 926 811 992 et
837 919 982 1012 dequo
1010 920 1153 992 laetatur
1179 919 1238 992 ibi.
1270 921 1313 992 Et
1338 919 1384 993 ad

214 1041 324 1112 huius
350 1046 473 1113 textus
498 1037 772 1134 intelligentiam
792 1038 938 1131 expedit
955 1046 1162 1132 praenotare
1183 1038 1387 1136 diligenter,

214 1159 311 1253 quod
339 1179 385 1232 ex
412 1178 524 1252 opere
550 1178 710 1232 venereo
738 1157 900 1232 nascitur
926 1166 1117 1252 peccatum
1145 1178 1231 1231 cum
1250 1157 1390 1231 inordi-

214 1286 298 1353 nate
325 1284 361 1352 et
387 1277 572 1373 illegitime
601 1282 753 1350 vacatur
786 1277 977 1369 venereis3
1008 1285 1045 1350 et
1070 1277 1168 1349 istud
1194 1283 1386 1370 peccatum

214 1406 268 1472 est
293 1398 469 1471 abolitum
498 1402 534 1470 et
560 1406 760 1491 purgatum
792 1396 829 1468 in
860 1395 935 1468 istis
970 1396 1154 1489 spiritibus
1187 1404 1387 1489 antequam

213 1517 453 1592 ascenderent
478 1515 626 1588 coelum.
653 1515 820 1589 Nascitur
846 1515 956 1590 etiam
984 1521 1021 1588 et
1047 1515 1213 1590 mirabile
1235 1516 1388 1608 bonurn,

215 1639 301 1731 quia
329 1657 394 1731 per
420 1637 535 1709 solam
563 1635 660 1709 viam
686 1634 933 1730 generationis
960 1635 1119 1735 mundus
1138 1635 1288 1709 inferior
1305 1656 1389 1709 cor-

215 1755 394 1850 ruptibilis
419 1755 594 1829 continuo
620 1754 735 1827 labilis
761 1760 798 1828 et
823 1753 985 1828 caducus
1010 1775 1156 1848 semper
1174 1762 1387 1848 renovatur,

217 1883 410 1970 reparatur
431 1881 468 1949 ei
485 1873 757 1967 quodammodo
774 1880 1030 1969 perpetuatum
1052 1874 1157 1947 etsie
1176 1873 1215 1946 ut
1234 1881 1387 1948 coater-

216 2016 286 2068 nus
313 1995 450 2069 mundo
476 1994 657 2088 superiori
689 2015 754 2087 per
789 1994 893 2066 istam
925 1993 1170 2067 successivam
1201 1999 1389 2066 restaura-

216 2115 372 2208 tionem3
399 2121 437 2189 et
462 2116 532 2188 hoe
558 2121 613 2188 est
643 2114 731 2187 illud
761 2114 900 2187 bonum
933 2113 980 2187 de
1012 2134 1087 2206 quo
1121 2113 1285 2206 loquitur
1319 2113 1387 2186 hic.

215 2235 319 2307 Nunc
335 2234 382 2306 ad
401 2234 563 2327 literam3
581 2232 665 2306 dicit
683 2232 836 2306 Fulous:
856 2233 1025 2326 quamvis
1039 2233 1086 2306 ita
1102 2233 1389 2327 intemperanter

215 2353 431 2447 amaverim,
466 2375 538 2426 non
558 2345 649 2446 pero
675 2356 734 2448 qui
757 2356 789 2424 si
811 2361 923 2444 pente,
954 2353 1055 2446 idest,
1086 2353 1298 2446 poenitentia
1330 2353 1388 2427 rel

216 2471 357 2547 tristitia
380 2472 536 2547 habetur
557 2472 627 2565 hic,
647 2471 732 2564 quia
756 2473 825 2545 hoc
845 2477 900 2546 est
917 2472 1150 2566 impossibile,
1168 2477 1275 2545 mosi
1299 2475 1388 2562 ride,

217 2590 318 2682 idest,
346 2592 468 2665 laetitia
495 2593 664 2684 habetur,
690 2612 761 2663 ooo
787 2592 879 2663 della
904 2595 1005 2682 colpe
1036 2595 1095 2664 cite
1127 2611 1150 2662 α
1184 2600 1293 2665 mente
1318 2613 1390 2664 non

218 2718 336 2803 mrito,
366 2711 452 2804 quia
478 2711 658 2785 memoria
689 2709 826 2804 peceati
857 2717 912 2783 est
941 2711 1099 2785 extincta
1127 2719 1275 2805 propter
1301 2711 1389 2803 duo,

216 2829 362 2924 scilicet,
389 2837 469 2924 post
495 2830 749 2926 purgationem
778 2837 815 2903 et
839 2829 1062 2923 potationem
1095 2850 1204 2922 aquae
1238 2830 1390 2922 lethaeae,

216 2956 257 3022 ut
282 2951 389 3042 plene
423 2949 538 3042 patuit
570 2948 668 3022 cirea
702 2947 811 3022 finem
839 2948 1057 3043 Purgatorii‚
1089 2969 1147 3020 mo
1181 2950 1238 3020 del
1269 2951 1391 3020 valore

215 3061 407 3141 orarunt
432 3090 451 3140 e
473 3071 633 3159 provallo,
659 3067 760 3162 idest,
787 3068 833 3142 de
858 3068 994 3142 virtute
1023 3067 1156 3161 divina,
1182 3089 1266 3161 quae
1292 3068 1392 3142 ordi-

219 3190 318 3263 navit
345 3209 411 3262 sua
438 3187 665 3283 providentia
691 3194 832 3260 tantum
860 3188 999 3261 bonum
1025 3208 1092 3282 per
1117 3187 1222 3260 istam
1245 3209 1389 3282 speram

217 3309 389 3402 Veneris3
416 3308 516 3382 unde
541 3307 662 3381 subdit
687 3307 855 3381 mirabile
880 3307 1019 3380 bonum
1047 3315 1083 3381 et
1109 3328 1197 3382 vere
1228 3317 1392 3383 contern-

217 3428 375 3521 platione
400 3428 564 3525 dignum,
591 3427 734 3502 dicens:
762 3431 821 3519 qui
844 3430 876 3499 si
898 3431 1040 3518 timue,
1067 3428 1211 3522 scilicet,
1230 3450 1296 3523 per
1314 3451 1392 3523 nos,

216 3549 294 3618 nelt’
307 3555 397 3638 orte,
436 3547 571 3620 scilicet
608 3547 865 3643 generationis,
898 3551 957 3620 clu
991 3551 1132 3620 adorno
1166 3555 1305 3621 colunto
1340 3554 1392 3643 es-

214 3672 309 3760 seue,
335 3668 437 3761 idest,
464 3672 563 3741 tanta
585 3667 789 3761 allectione,
811 3674 948 3761 quanta
976 3676 1031 3743 est
1057 3668 1093 3740 in
1117 3689 1258 3762 amore,
1284 3669 1392 3743 deco-

217 3794 274 3859 rat
301 3794 376 3861 tam
406 3787 561 3861 mirabili
579 3787 734 3881 ellectu;
754 3788 851 3863 unde
868 3810 978 3884 supra
996 3789 1202 3885 Purgatorii
1217 3790 1315 3863 XXV
1329 3812 1390 3865 ca-

217 3907 331 4000 pitulo
355 3907 440 3982 dicit
464 3914 592 3982 autor:
619 3929 730 3980 soora
756 3912 928 3981 luntario
953 3912 990 3982 di
1014 3916 1244 4002 paturnelo,
1263 3903 1389 4002 imol²t

218 4026 326 4102 dicit:
354 4049 372 4099 e
397 4031 585 4101 docmnesi
613 4032 640 4101 il
662 4029 757 4119 bene,
784 4028 930 4122 scilicet,
963 4029 1136 4103 mirabilis
1166 4028 1320 4103 effectus
1355 4036 1393 4105 et

220 4145 371 4238 fructus,
396 4145 523 4240 percle*
538 4151 563 4219 ’l
582 4151 711 4222 mondo
729 4151 766 4222 di
788 4171 828 4221 su
849 4153 928 4241 quel
945 4152 983 4223 di
1000 4144 1059 4238 pot
1076 4156 1192 4221 torno.
1212 4150 1392 4228 Construe

217 4266 268 4338 sic
294 4266 458 4341 literam:
472 4265 614 4360 percle,
632 4269 733 4362 idest,
753 4275 901 4363 propter
926 4268 1024 4361 quod
1050 4269 1202 4364 bonum,
1221 4275 1248 4344 il
1262 4277 1392 4347 mondo

217 4387 254 4456 di
277 4381 350 4475 pil,
376 4386 666 4479 idest‚'mundus
696 4388 855 4482 inferior,
887 4395 992 4460 orno
1025 4390 1103 4480 quel
1132 4391 1170 4462 di
1198 4413 1251 4485 su,
1289 4392 1391 4488 idest,

278 4645 305 4708 tt
321 4651 344 4704 b,
361 4659 499 4698 memoras.
749 4647 777 4710 (¹)
793 4648 824 4698 E.
841 4661 857 4698 e
872 4653 896 4710 t,
913 4651 991 4702 unde.
