3746 5680
438 1204 803 1318 COMENTUM
846 1202 1188 1316 PARADISI.

247 1766 411 1834 OAN'I'US
434 1767 587 1847 NONUS,
611 1769 647 1833 in
669 1789 728 1852 quo
752 1769 853 1835 adbuc
875 1769 975 1836 mutia
997 1771 1135 1854 loquitur
1157 1793 1226 1838 cum
1249 1771 1371 1850 duroto,

302 1879 356 1944 ubi
376 1879 457 1960 facit
478 1881 663 1946 mentionem
686 1881 725 1946 de
746 1879 890 1959 Eseiirto,
915 1887 944 1947 et
965 1881 1118 1948 Morchia
1143 1883 1326 1950 Traeisono.

300 2124 415 2291 Dr
430 2219 502 2307 moi
530 2218 590 2288 cde
618 2219 723 2289 carlo
757 2223 826 2306 mo,
853 2216 942 2288 delta
971 2220 1163 2288 Clemenza.
1200 2217 1399 2308 Postquam

226 2334 262 2407 in
285 2333 503 2428 praecedenti
529 2334 687 2429 capitulo
713 2335 847 2408 Dantes
873 2335 1073 2409 introduxit
1092 2357 1209 2409 unum
1228 2334 1398 2430 spiritum

227 2455 405 2528 illustrem
423 2453 469 2527 de
486 2473 592 2548 spera
606 2453 767 2546 Veneris,
787 2474 885 2527 nunc
909 2461 1178 2547 consequenter
1196 2455 1232 2527 in
1250 2454 1318 2527 isto
1336 2473 1399 2527 ca-

226 2574 340 2668 pitulo
358 2574 406 2645 IX
431 2573 567 2646 inducit
592 2573 682 2647 alios
707 2572 853 2668 spiritus
879 2573 925 2647 de
950 2574 1078 2648 eadem
1106 2594 1223 2669 spera.
1242 2571 1285 2646 Et
1302 2573 1398 2647 istud

227 2692 427 2787 capitulum
453 2700 570 2787 potest
595 2693 704 2766 dividi
731 2693 767 2766 in
793 2699 867 2767 tres
886 2700 1008 2787 partes
1024 2695 1226 2789 generales
1246 2696 1285 2767 in
1304 2715 1399 2787 qua-

229 2827 312 2886 rum
345 2813 461 2906 prima
495 2813 691 2887 introducit
723 2834 836 2887 unam
866 2814 1030 2888 animam
1060 2814 1289 2907 modernam,
1317 2834 1401 2908 quae

226 2933 398 3008 describit
414 2953 454 3007 se
470 2940 507 3007 et
523 2933 680 3028 patriam
699 2955 816 3008 suam.
831 2934 871 3006 ln
889 2934 1050 3008 secunda
1068 2934 1267 3008 introducit
1283 2936 1398 3009 alium

226 3053 396 3147 spiritum
424 3053 645 3126 modernum
672 3053 736 3145 qui
761 3052 926 3127 similiter
951 3052 1122 3126 describit
1151 3072 1191 3126 se
1228 3059 1264 3126 et
1294 3073 1399 3126 suam

227 3179 366 3247 terram
393 3172 584 3265 famosam,
611 3172 683 3246 ibi:
711 3175 856 3244 L'oItra
874 3175 999 3244 leticia.
1027 3171 1066 3244 ln
1094 3171 1201 3245 tertia
1219 3179 1255 3246 et
1274 3172 1401 3246 ultima

227 3292 424 3366 introducit
440 3292 586 3366 tertiam
607 3292 771 3366 animam
788 3291 977 3384 antiquam
1003 3299 1040 3365 et
1058 3311 1209 3365 causam
1232 3312 1310 3366 suae
1331 3294 1402 3366 sal-

229 3412 394 3504 vationis,
421 3411 488 3485 ibi:
516 3417 579 3484 Ma
605 3408 740 3504 percbd.
777 3411 829 3484 Ad
864 3410 1026 3505 primum
1062 3431 1152 3507 ergo
1185 3411 1277 3507 dico,
1305 3413 1403 3506 quod

230 3537 337 3604 autor
362 3529 558 3604 introducit
591 3551 703 3604 unam
733 3531 895 3605 animam
928 3531 1166 3623 modernam3
1193 3531 1256 3604 sed
1282 3530 1402 3625 primo
1424 3563 1426 3566 ·

230 3650 446 3725 continuans
470 3670 510 3724 se
535 3650 581 3724 ad
606 3650 849 3745 praecedentia
867 3650 981 3745 tangit
1002 3650 1112 3724 tinem
1131 3651 1310 3724 sermonis
1333 3651 1403 3724 Cu-

230 3769 297 3843 roli
322 3769 484 3862 Martelii‚
511 3777 548 3844 et
574 3770 653 3843 eins
671 3788 877 3862 recessum3
895 3768 995 3842 unde
1011 3767 1170 3864 dirigens
1190 3789 1401 3843 sermonem

229 3889 275 3963 ad
302 3888 538 3962 Clementiam
567 3908 722 3962 uxorem
748 3888 880 3982 Caroli,
905 3887 1009 3961 dicit:
1041 3888 1182 3960 ocella
1206 3877 1402 3978 Clemeuza,

229 4029 315 4103 quae
343 4008 411 4081 tuit
440 4010 568 4104 pulcra
594 4014 630 4083 ot
655 4009 796 4103 pudica,
823 4014 860 4082 et
884 4007 992 4103 digna
1024 4007 1085 4081 tali
1116 4007 1213 4100 riro;
1244 4005 1326 4080 ideo
1357 4006 1403 4080 de

230 4126 406 4201 industria
432 4127 515 4202 iacit
542 4128 761 4203 memoriam
794 4127 840 4201 de
872 4146 928 4220 ea,
955 4128 1004 4199 de
1025 4130 1088 4218 poi
1111 4128 1171 4199 cde
1199 4129 1306 4198 carlo
1331 4132 1403 4216 tao,

230 4246 287 4319 vir
312 4253 398 4319 tuus
418 4249 546 4341 pulcer
565 4248 729 4342 dilectus,
748 4251 792 4320 m'
806 4248 885 4320 ebbe
905 4249 1064 4340 camma,
1085 4246 1187 4340 idest,
1207 4253 1402 4341 postquam

228 4365 426 4440 declaravit
451 4368 584 4442 mede
609 4369 738 4462 pulcro
763 4367 887 4461 dubio,
913 4371 962 4440 mi
986 4357 1101 4440 carrd
1126 4369 1174 4459 ρι’
1187 4369 1348 4458 innonat,
1367 4367 1404 4439 in

230 4485 326 4560 iacto
347 4485 461 4582 regni,
474 4488 534 4558 cte
550 4490 684 4560 riccoer
702 4489 815 4560 devea
832 4491 868 4560 lc
884 4507 951 4559 aaa
969 4507 1146 4578 smneaza,
1164 4486 1266 4581 idest,
1285 4487 1404 4560 haeres

231 4624 331 4678 suus.
358 4605 401 4677 nt
426 4605 546 4679 subdit
571 4606 618 4681 ad
643 4607 929 4682 consolationem
956 4607 1189 4682 Clementia:
1217 4627 1276 4679 mc
1300 4608 1404 4695 disse,

365 4745 391 4788 V.
1261 4748 1271 4788 l
