3746 5680
436 427 482 495 30
827 440 1033 494 conunruu
1058 437 1224 492 rnnnnrsr

433 592 577 676 notura,
603 585 704 679 idest,
732 587 795 660 sol.
832 586 885 658 nd
916 579 1066 679 quod(')
1094 584 1294 658 notandum
1326 584 1424 677 quod
1455 586 1510 658 sol
1539 591 1611 659 stat

436 706 473 779 in
499 706 618 781 medio
644 706 727 779 ooeli
755 713 948 800 tamquam
976 725 1041 780 rer
1069 705 1105 778 in
1132 704 1254 778 medio
1271 704 1387 799 regni,
1405 704 1469 797 qui
1490 711 1609 778 totum

364 899 368 908 ,
434 824 540 920 regit,
566 825 737 898 omnihus
763 825 928 919 imperat.
965 826 1082 900 Habet
1116 844 1278 918 namque
1308 823 1508 897 Saturnum
1542 847 1609 921 pro

434 944 640 1019 consiliario
665 965 745 1038 suo,
771 945 857 1039 quia
883 945 1075 1020 eonsilium
1101 952 1155 1020 est
1181 965 1333 1037 senum;
1361 945 1513 1019 Martem
1542 965 1609 1039 pro

435 1064 622 1160 belligero,
655 1065 731 1138 sive
764 1064 859 1138 duce
889 1064 986 1158 belli,
1015 1065 1079 1158 qui
1108 1065 1204 1161 gerit
1235 1064 1354 1156 bella3
1386 1065 1512 1138 lovem
1541 1086 1609 1159 pro

430 1184 640 1278 justitiario,
666 1184 752 1278 quia
777 1183 944 1278 luppiter
967 1183 1053 1257 facit
1077 1203 1184 1279 reges
1216 1189 1253 1257 et
1284 1189 1446 1256 rectores
1467 1185 1608 1278 Justos3

435 1304 617 1379 Venerem
644 1323 710 1397 pro
736 1303 936 1398 provisore,
961 1303 1049 1396 quia
1074 1302 1135 1376 dat
1161 1303 1285 1376 omnia
1302 1302 1527 1376 delectabilia
1547 1323 1608 1377 re·

434 1444 528 1519 guo;
554 1422 777 1496 Mercurium
801 1443 871 1526 pro
898 1423 1038 1515 oruntio,
1065 1421 1150 1515 quia
1177 1430 1231 1496 est
1251 1422 1342 1497 deus
1366 1423 1606 1516 eloquentiae3

435 1540 577 1615 Lunam
604 1562 671 1634 pro
697 1561 876 1634 praecone,
895 1542 982 1635 quia
1000 1543 1086 1615 luna
1105 1549 1160 1615 est
1178 1541 1410 1637 significatrix
1439 1542 1606 1615 omnium

435 1682 519 1754 quae
551 1661 643 1734 liunt
673 1661 709 1733 in
742 1662 846 1754 ooelo,
885 1668 927 1733 ut
964 1661 1048 1736 alibi
1088 1660 1225 1734 dictum
1263 1667 1327 1734 est.
1364 1661 1467 1736 Unde
1498 1661 1607 1735 dicit:
1663 1688 1667 1694 ⁴

435 1784 494 1854 cte
510 1785 684 1872 imprento
698 1784 726 1853 il
741 1772 884 1871 mondo,
903 1781 1004 1874 idest,
1023 1780 1199 1875 imprimit
1216 1787 1253 1854 et
1270 1779 1411 1875 sigillat,
1434 1784 1491 1855 det
1507 1786 1610 1854 octor

436 1905 493 1975 del
521 1905 619 1991 ciclo,
654 1902 757 1995 idest,
790 1901 978 1975 influentia
1009 1907 1045 1975 et
1075 1901 1213 1974 virtute
1245 1900 1476 1975 informativa
1511 1902 1606 1994 coeli,

438 2022 535 2096 unde
550 2013 586 2113 (¹)
615 2021 726 2095 etiam
754 2021 997 2114 philosophus,
1016 2021 1131 2094 solem
1153 2027 1222 2094 etc.
1249 2027 1286 2094 et
1311 2020 1419 2094 dicit:
1445 2042 1524 2094 ene
1541 2025 1608 2094 nai-

286 2187 289 2190 -
436 2161 523 2213 suro
547 2143 574 2212 tt
598 2148 710 2232 tempo
731 2143 787 2212 col
809 2161 873 2212 suo
894 2142 996 2230 tome,
1014 2139 1099 2233 quia
1117 2140 1203 2214 lacit
1219 2140 1322 2214 nobis
1343 2140 1608 2216 distinctionem

437 2266 659 2352 temporum,
678 2265 720 2330 ut
736 2257 874 2331 dictum
894 2264 968 2351 est,
996 2259 1094 2332 unde
1112 2259 1309 2333 Martianus
1326 2267 1362 2333 et
1382 2261 1606 2334 Macrobius:

437 2377 496 2452 ille
522 2377 671 2470 inquam
699 2377 874 2471 minister,
891 2381 1077 2469 conpiuoto
1094 2400 1159 2451 con
1182 2383 1296 2472 puella
1319 2388 1435 2471 porte,
1461 2380 1607 2472 scilicet,

436 2518 522 2571 cum
549 2498 653 2593 signo
678 2498 812 2593 arietis,
838 2501 898 2572 cte
920 2522 961 2572 su
978 2504 1009 2572 si
1025 2507 1236 2589 rammentu,
1255 2499 1356 2592 idest,
1377 2507 1608 2574 memoratur

435 2619 546 2712 paulo
571 2639 682 2712 supra
709 2619 770 2692 obi
791 2619 927 2693 dictum
950 2619 1028 2712 init,
1049 2622 1137 2693 dove
1154 2621 1232 2692 tun
1250 2625 1342 2690 moto
1359 2641 1377 2689 e
1394 2605 1519 2692 t'ottro
1537 2626 1606 2693 etc.

435 2736 555 2830 Aliqui
582 2745 705 2812 tamen
725 2738 885 2812 etmulti
911 2739 1074 2812 valentes
1098 2738 1271 2811 dixerunt
1293 2738 1361 2831 hic,
1380 2738 1479 2830 quod
1497 2744 1607 2812 autor

435 2856 601 2952 intelligit
625 2858 671 2931 de
696 2877 842 2949 cancro,
868 2857 967 2949 quod
994 2856 1139 2930 videtur
1159 2855 1246 2930 mihi
1264 2855 1394 2930 salsum
1415 2863 1451 2930 et
1473 2857 1611 2952 impos-

435 2975 557 3067 sibile3
584 2976 670 3069 quia
696 2976 749 3049 sol
775 2995 921 3069 semper
947 2975 1013 3047 luit
1040 2975 1076 3048 in
1102 2975 1218 3050 ariete
1244 2975 1280 3047 in
1308 2981 1383 3049 toto
1402 2976 1495 3049 libro
1521 2977 1608 3051 isto:

438 3095 534 3169 unde
560 3094 595 3167 in
621 3094 796 3189 principio
823 3094 925 3167 istius
951 3094 1032 3167 libri
1061 3114 1235 3187 expresse
1260 3095 1417 3168 ostendit
1432 3085 1469 3186 (³)
1486 3102 1607 3189 autor,

436 3212 621 3306 quomodo
634 3213 687 3285 sol
701 3217 782 3284 erat
795 3212 832 3285 in
846 3213 961 3287 ariete
975 3213 1123 3307 quando
1141 3214 1261 3307 primo
1278 3213 1439 3288 ascendit
1458 3216 1606 3288 coetum.

435 3333 531 3428 Ergo
552 3331 630 3425 jam
657 3352 731 3405 non
759 3332 944 3406 transisset
963 3331 1009 3405 ad
1028 3351 1216 3426 cancrum,
1235 3333 1321 3426 quia
1339 3332 1390 3406 sic
1407 3338 1516 3405 autor
1529 3333 1607 3427 jam

436 3450 591 3524 stetisset
622 3450 658 3523 in
687 3449 855 3544 paradiso
885 3450 1003 3523 tribus
1034 3451 1232 3546 mensibus,
1258 3472 1344 3526 cum
1378 3458 1502 3526 tamen
1535 3473 1607 3526 non

436 3570 575 3644 steterit
600 3570 637 3642 in
663 3570 805 3644 interno
840 3569 905 3643 nisi
936 3569 1055 3643 tribus
1083 3571 1224 3664 diebu's,
1257 3577 1294 3645 et
1325 3571 1360 3643 in
1393 3571 1607 3667 purgatorio

435 3687 584 3763 totidem
599 3713 609 3781 ;
636 3695 815 3783 preterea
840 3689 926 3762 satis
951 3695 1105 3784 apparet
1121 3688 1220 3782 quod
1237 3691 1410 3783 loquatur
1427 3690 1473 3762 de
1489 3690 1606 3764 ariete

436 3797 553 3901 perl‘)
581 3808 617 3881 id
647 3808 746 3901 quod
779 3808 956 3900 sequitur.
989 3807 1090 3881 Unde
1123 3809 1232 3882 dicit:
1264 3813 1295 3881 si
1324 3813 1455 3899 piram
1480 3831 1547 3901 per
1579 3811 1610 3882 tc

434 3933 538 4020 spire.
566 3928 669 4023 Spina
695 3929 899 4023 appellatur
924 3928 984 4000 illa
1010 3927 1142 4023 giratio
1160 3936 1197 4002 et
1218 3929 1399 4003 revolutio
1420 3951 1533 4022 quam
1555 3929 1609 4004 sol

437 4049 518 4121 lacit
551 4048 702 4144 singulis
731 4048 883 4140 diebus3
915 4067 1001 4120 nam
1036 4069 1226 4143 nunquam
1262 4050 1354 4124 redit
1384 4049 1430 4122 ad
1444 4041 1480 4141 (⁵)
1509 4049 1605 4123 idem

437 4173 633 4260 punctum;
651 4168 736 4242 lacit
753 4168 849 4242 enim
869 4167 963 4241 sicut
980 4167 1076 4241 lunis
1094 4169 1129 4241 in
1147 4168 1289 4265 girgillo
1307 4190 1419 4263 supra
1436 4175 1604 4262 puteum,

437 4287 494 4360 vel
520 4285 614 4359 sicut
633 4286 735 4360 iilum
756 4289 851 4362 circa
871 4289 1007 4380 lusum,
1026 4288 1111 4381 quia
1136 4310 1208 4362 una
1236 4290 1415 4364 revolutio
1437 4287 1477 4362 iit
1496 4289 1608 4384 juxta

452 4417 542 4427 .-

498 4473 524 4533 (¹)
541 4477 564 4532 t,
581 4474 650 4536 quod
666 4480 705 4524 est
721 4477 870 4527 noandum.
1005 4474 1033 4537 (¹)
1049 4477 1074 4527 S.
1091 4491 1106 4527 o
1123 4477 1153 4526 li.
1171 4479 1238 4528 unde
1255 4480 1397 4529 secundum
1415 4477 1607 4539 philosophum.

498 4549 526 4611 l'l
541 4549 572 4599 Β·
588 4549 659 4599 dicii·
783 4551 851 4615 (⁸)S.
869 4565 965 4616 proco
980 4553 1059 4616 quod.
1166 4553 1194 4617 (¹)
1209 4555 1239 4605 Ε.
1256 4555 1288 4605 ad
1304 4556 1425 4605 eumdem
1443 4558 1577 4617 puuctum.
