3746 5680
342 446 348 458 ·
464 416 510 479 ill
854 423 1059 479 consanum
1083 425 1248 478 rannnrsr

462 572 509 645 de
534 591 596 644 me
620 571 759 644 Tboma
784 576 853 644 etc.
881 569 985 644 Nunc
1003 570 1049 643 ad
1066 570 1208 644 literam
1228 569 1313 644 dicit
1329 569 1505 640 Thomas:
1524 570 1565 637 lo
1579 569 1634 659 sui

462 693 555 781 nepti
579 693 676 782 aput,
701 689 803 783 idest,
821 710 949 783 purus,
976 690 1149 763 innocens
1174 689 1219 762 ad
1247 689 1397 763 modum
1425 688 1521 794 agni,
1540 690 1633 760 della

461 818 566 884 santo
589 813 752 901 meppia,
769 809 860 884 idest
876 810 991 883 sancti
1009 809 1144 883 ordinis
1165 807 1458 902 praedicatorum‚
1477 810 1536 880 cle
1557 813 1631 880 Do

461 933 605 1019 manico,
622 937 800 1023 tanquam
821 931 940 1004 bonus
961 937 1083 1023 pastor
1100 929 1277 1003 Dominici
1295 928 1429 1025 gregis,
1448 948 1551 1000 mma
1566 949 1632 1020 per

459 1055 645 1140 conamina,
662 1051 755 1125 idest
780 1071 846 1145 per
873 1051 1041 1146 reguiam
1069 1050 1312 1143 paupertatis3
1334 1055 1370 1123 et
1392 1049 1499 1122 dicit:
1522 1051 1555 1120 α’
1568 1049 1632 1120 ben

459 1172 487 1243 s’
499 1175 693 1265 impinguo,
709 1171 815 1263 idest,
833 1171 868 1242 in
882 1190 957 1264 qua
971 1170 1099 1266 regula
1119 1170 1214 1244 bene
1231 1169 1493 1265 impinguatur,
1508 1190 1627 1262 quan-

463 1299 541 1365 tum
567 1292 616 1366 ad
639 1292 801 1365 animam
820 1290 1009 1385 intelligas,
1027 1309 1100 1363 non
1122 1296 1302 1382 quantum
1322 1288 1367 1363 ad
1385 1308 1531 1382 corpus,
1545 1288 1631 1381 quia

461 1412 593 1486 iratres
619 1411 876 1506 praedicatores
902 1431 975 1484 non
1000 1401 1200 1483 comedunt
1224 1429 1364 1483 carnes.
1393 1409 1435 1480 Et
1461 1408 1520 1480 bic
1546 1414 1631 1481 uota

463 1531 562 1625 quod
591 1532 750 1604 Thomas
780 1535 950 1604 notanter
983 1529 1068 1602 dicit
1082 1522 1142 1620 (¹):
1177 1529 1242 1600 ben
1276 1531 1510 1621 s'iropinyua,
1544 1527 1630 1621 quia

462 1651 644 1746 pinguedo
669 1650 802 1723 animae
819 1650 914 1723 bona
929 1640 965 1739 (²)
986 1656 1060 1741 est;
1079 1655 1116 1722 et
1133 1648 1279 1722 alleviat
1301 1647 1485 1720 bominem
1505 1654 1543 1720 et
1559 1646 1631 1720 eri-

459 1773 512 1868 git
537 1772 584 1845 ad
609 1772 764 1864 coelum;
790 1770 973 1866 pinguedo
999 1790 1089 1843 vero
1122 1768 1285 1862 corporis
1316 1767 1412 1841 mala
1445 1773 1511 1860 est,
1544 1767 1630 1860 quia

461 1897 640 1988 aggravat
665 1892 839 1984 animam,
866 1897 903 1964 et
928 1889 1098 1983 deprimit
1122 1888 1287 1982 pondere
1311 1908 1380 1962 suo
1406 1887 1451 1960 ad
1480 1895 1629 1978 terram,

461 2020 498 2086 et
522 2033 620 2106 saepe
645 2011 800 2086 suliocat
826 2011 943 2105 ipsum
963 2030 1109 2102 corpus,
1126 2031 1163 2080 re
1182 2029 1255 2080 noo
1272 2010 1304 2079 ri
1323 2010 1508 2099 oaneppio,
1526 2007 1628 2099 idest,

459 2133 489 2205 si
516 2153 589 2205 non
614 2138 768 2205 vacatur
785 2129 936 2204 vanitati
955 2129 1151 2203 mundaum
1169 2128 1400 2224 vanegloriae.
1423 2128 1515 2202 Sunt
1531 2127 1628 2201 euim

460 2251 716 2345 predicatores
730 2248 977 2322 communiter
994 2248 1140 2343 gloriosi
1155 2237 1206 2341 (³),
1225 2248 1359 2322 babent
1377 2247 1541 2322 babitum
1563 2267 1630 2319 cu-

463 2369 614 2461 riosum,
633 2375 670 2441 et
690 2375 822 2442 vacant
847 2369 1007 2440 multum
1025 2367 1249 2442 excellentiae
1266 2368 1423 2441 bonoris.
1439 2348 1488 2422 —ss
1505 2371 1628 2456 onesd.

461 2487 525 2562 llic
550 2487 707 2560 Thomas
732 2487 903 2560 describit
928 2487 1127 2561 secundam
1153 2488 1315 2562 animam
1333 2488 1380 2561 de
1397 2507 1534 2562 corona
1557 2487 1629 2580 illa,

459 2606 594 2682 scilicet
619 2605 807 2681 albertum
837 2626 1012 2701 magnum
1044 2607 1173 2681 eodem
1191 2595 1228 2698 (⁸)
1258 2607 1386 2681 ordine
1415 2607 1630 2702 prodicato-

460 2749 554 2800 rum.
570 2725 624 2799 bd
638 2726 742 2800 cuius
756 2725 975 2799 evidentiam
989 2733 1044 2801 est
1057 2727 1334 2821 praesciendum,
1346 2727 1443 2820 quod
1459 2727 1628 2801 dlbertus

457 2849 525 2923 iste
542 2847 610 2920 suit
627 2847 683 2922 vir
704 2845 930 2919 multimodae
948 2846 1118 2940 scientiae,
1137 2847 1448 2942 singularissimus
1474 2848 1630 2942 pbiloso-

456 2969 562 3063 pbus
579 2965 797 3060 astrologus,
820 2965 984 3039 medicus
1010 2987 1178 3060 magnus,
1201 2967 1376 3040 naturalis
1397 2968 1629 3061 experimen-

456 3095 564 3181 talor,
589 3087 653 3180 qui
679 3085 837 3180 plurima
863 3091 900 3159 et
926 3085 1027 3159 utilia
1059 3105 1172 3178 opera
1203 3084 1298 3178 iecit,
1328 3086 1365 3159 in
1398 3088 1627 3161 naturalibus

455 3205 662 3300 praecipue5
690 3203 753 3296 qui
779 3226 801 3277 a
829 3204 953 3276 multis
979 3204 1096 3278 dictus
1121 3211 1177 3277 est
1202 3204 1384 3278 secundus
1407 3203 1627 3298 Aristoteles,

456 3322 625 3416 quamvis
657 3322 769 3414 aliqui
800 3329 1012 3414 praeponant
1037 3322 1250 3416 Averroim3
1281 3323 1344 3416 qui
1379 3324 1626 3420 interrogatus

457 3448 582 3515 utrum
598 3431 635 3531 (⁵)
654 3441 760 3534 plura
780 3441 923 3513 noverit
940 3449 1021 3534 eto,
1040 3441 1103 3534 qui
1125 3463 1221 3535 saepe
1238 3443 1419 3538 allegatur
1439 3443 1626 3537 inscripto

455 3563 543 3654 isto;
570 3566 607 3634 et
631 3560 701 3633 boc
726 3559 883 3632 sufficiat
912 3560 959 3633 ad
992 3560 1137 3634 laudem
1166 3563 1233 3635 sui.
1265 3564 1369 3636 Nunc
1398 3563 1625 3654 edideram,

455 3680 538 3754 dicit
564 3679 745 3752 Tlromas:
772 3681 880 3768 questi
904 3681 964 3751 clm
989 3676 1068 3752 m'e'
1094 3703 1118 3752 a
1148 3685 1267 3754 dasiro
1294 3677 1357 3775 piri
1388 3685 1512 3772 vimmo,
1539 3681 1625 3774 quia
1667 3665 1670 3670 ⁵

395 3861 398 3866 .
455 3799 523 3873 fuit
548 3798 615 3872 sibi
646 3798 859 3872 familiarior
886 3805 1075 3892 tamquam
1101 3800 1229 3874 doctor
1254 3802 1346 3894 eius,
1368 3805 1495 3894 summi
1516 3806 1623 3894 frate,

454 3920 541 4013 quia
566 3919 612 3998 de
638 3918 766 3992 eodem
793 3918 922 3992 ordine
948 3939 1107 4013 mecum,
1126 3942 1144 3992 e
1161 3927 1327 4008 monstro,
1345 3921 1407 4013 qui
1430 3922 1627 4015 aliquando

452 4040 597 4115 vocavit
617 4040 738 4134 ipsum
759 4041 937 4114 Tbomam
955 4041 1087 4115 bovem
1111 4048 1268 4114 mutum.
1294 4042 1338 4115 Et
1363 4041 1486 4114 subdit
1510 4041 1627 4136 speci-

454 4160 565 4232 ficans
591 4159 692 4232 illum
720 4168 756 4234 et
782 4182 822 4234 se
846 4182 869 4235 a
894 4161 1043 4235 nomine
1068 4167 1104 4234 et
1130 4161 1263 4254 patria3
1290 4165 1334 4234 ed
1354 4183 1430 4234 erro
1450 4159 1629 4236 Albertoc'

527 4387 533 4412 ,
627 4385 659 4398 ..

514 4386 544 4526 ((’ζ
558 4384 591 4512 ξ.
606 4384 703 4526 gadira
720 4471 758 4516 est
774 4473 801 4518 et
817 4467 922 4520 alleviat
936 4469 1070 4518 bominem
1086 4469 1119 4517 ab
1134 4469 1253 4520 omnibus
1269 4470 1444 4530 terrestribus,
1460 4475 1487 4520 et
1502 4469 1588 4534 erigit.

515 4539 543 4603 (⁸)
558 4539 584 4590 S.
601 4541 781 4604 vanegloriosi.
905 4545 932 4609 (¹)
950 4545 980 4594 E.
997 4545 1029 4594 de
1045 4544 1145 4594 eodem.
1270 4545 1298 4607 (Ἴ
1315 4545 1345 4596 li.
1362 4551 1422 4596 utor
1438 4545 1522 4608 plura.
