3746 5680
654 510 793 567 candus
818 511 985 566 DECIMUS·
1358 500 1401 566 31

231 655 339 730 aliam
358 654 565 728 successive
583 655 784 749 paullatim,
801 659 838 729 in
858 659 931 748 ele,
953 657 1055 749 idest,
1076 657 1266 750 inquibus
1287 656 1403 750 spiris,

230 796 371 867 opnoru
386 777 415 848 ³²
425 782 636 866 appresentu
649 771 711 868 piel
728 783 815 848 tosto
825 803 840 868 ;
867 775 1014 868 scilieet,
1033 775 1181 868 quando
1206 783 1262 850 est
1287 775 1405 868 aequi-

232 895 407 987 noctium,
423 895 509 987 quia
530 901 616 968 tunc
634 893 754 967 omnis
768 896 858 969 hora
872 895 1063 988 aequaliter
1080 915 1120 970 se
1137 900 1342 989 praesentat.
1357 934 1406 948 -

232 1019 278 1086 m
299 1015 334 1085 io
358 1034 431 1084 eru.
459 1012 524 1086 llic
549 1020 658 1086 autor
685 1012 788 1109 fingit
813 1013 999 1106 quomodo
1027 1015 1162 1108 reperit
1183 1035 1223 1088 se
1241 1014 1277 1088 in
1298 1034 1405 1108 spera

231 1133 315 1207 solis
346 1153 411 1226 per
443 1132 581 1226 simile;
614 1132 713 1206 unde
737 1132 846 1207 dicit:
873 1138 918 1204 m
940 1137 975 1204 io
1000 1154 1065 1205 ero
1090 1154 1156 1204 con
1181 1135 1242 1222 lui,
1268 1133 1404 1206 scilicet

230 1273 318 1327 cum
352 1252 430 1347 ipso
467 1254 554 1344 sole,
581 1273 640 1326 ma
678 1257 713 1326 io
750 1275 822 1326 non
854 1257 898 1326 m'
911 1257 1048 1326 accersi
1076 1258 1134 1328 del
1160 1258 1280 1346 salire,
1301 1255 1404 1347 idest,

231 1393 304 1449 uon
331 1373 504 1468 perpendi
530 1374 716 1466 quomodo
755 1375 813 1448 vel
847 1374 993 1467 quando
1023 1374 1236 1450 intraverim
1271 1396 1405 1470 corpus

231 1494 343 1588 ipsius
369 1493 470 1566 solis:
503 1513 570 1587 per
602 1495 672 1568 hoc
701 1501 811 1568 autor
842 1494 961 1566 innuit
993 1493 1091 1587 quod
1127 1495 1207 1568 eius
1231 1515 1404 1569 ascensus

233 1615 299 1687 luit
320 1613 626 1708 imperceptibilis,
645 1613 732 1707 quia
752 1622 899 1688 nonest
919 1614 1009 1689 dare
1031 1615 1192 1689 medium
1211 1615 1306 1688 inter
1321 1634 1405 1710 spe-

234 1754 313 1807 ram
340 1740 378 1807 et
403 1753 561 1827 speram,
590 1740 630 1805 ut
650 1734 729 1828 Jam
754 1734 892 1806 dictum
912 1734 980 1807 luit
1002 1734 1038 1806 in
1060 1754 1214 1809 ascensu
1232 1734 1401 1810 Mercurii

234 1861 271 1928 et
296 1853 465 1946 Veneris3
484 1874 507 1926 a
528 1853 647 1945 simili,
672 1875 709 1925 se
733 1873 805 1926 non
835 1856 1016 1932 com’uom
1046 1857 1247 1947 s'areorpe,
1277 1857 1362 1926 unzi
1380 1857 1405 1925 ’l
1538 1923 1540 1928 .

229 1975 349 2066 pn'mo
370 1977 523 2065 pensier,
550 1973 653 2066 idest,
669 1974 830 2067 primum
851 1979 994 2046 motum
1013 1973 1251 2070 cogitaminis,
1269 1976 1327 2046 del
1340 1993 1403 2046 suo

233 2095 343 2181 vend,
363 2090 465 2183 idest,
492 2091 585 2165 sicut
612 2093 723 2166 homo
743 2092 852 2167 sentit
868 2093 1075 2188 cogitamen
1094 2101 1287 2188 postquam
1304 2092 1404 2166 venit

235 2212 270 2284 in
297 2217 458 2284 mentem
487 2212 584 2304 eins3
611 2211 674 2286 sed
701 2219 824 2286 tamen
851 2213 952 2306 prius
978 2219 1033 2286 est
1058 2214 1094 2286 in
1117 2234 1162 2287 eo
1181 2234 1293 2305 quam
1320 2232 1404 2286 sen-

235 2333 308 2404 tiat.
323 2316 418 2403 -Ε
440 2335 608 2404 Beutrice.
635 2331 699 2405 Hic
720 2339 829 2406 autor
847 2333 1020 2407 describit
1037 2333 1402 2428 superexcellentiam

234 2459 272 2526 et
302 2452 673 2546 superexaltatiouem
712 2452 886 2526 Beatricis
924 2453 960 2526 in
999 2474 1153 2547 corpore
1186 2453 1294 2545 solis,
1321 2471 1406 2545 quae

234 2576 372 2664 quanto
398 2569 515 2666 magis
539 2570 711 2664 aseendit,
738 2571 850 2644 intrat
874 2572 994 2645 maius
1023 2593 1156 2666 corpus
1186 2579 1224 2645 et
1249 2572 1289 2645 iit
1314 2572 1405 2645 luci-

233 2691 324 2764 dior.
350 2691 393 2763 m
418 2690 680 2764 sententialiter
706 2691 785 2768 vult
808 2691 954 2765 dicere:
989 2692 1017 2764 si
1051 2693 1105 2766 sol
1131 2699 1186 2766 est
1210 2698 1287 2765 tam
1314 2691 1406 2764 luci-

233 2810 313 2902 dus,
348 2810 555 2905 splendidus
594 2817 631 2884 et
660 2811 880 2904 luminosuS,
911 2811 975 2905 qui
1009 2819 1064 2886 est
1096 2812 1227 2904 oculus
1259 2810 1405 2902 mundi,

235 2929 398 3002 minister
425 2927 543 3003 maior
570 2937 724 3022 naturae,
744 2931 868 3004 omnia
886 2930 1105 3024 illuminans,
1124 2929 1247 3003 omnia
1267 2930 1406 3024 guber-

235 3069 337 3142 nans,
363 3050 480 3141 qualis
506 3070 605 3122 nunc
632 3049 788 3124 debebat
818 3070 899 3124 esse
931 3049 1091 3141 Beatrix,
1121 3068 1205 3141 quae
1235 3055 1290 3122 est
1315 3048 1406 3120 luci-

234 3167 326 3261 dior,
352 3168 571 3261 splendidior
596 3177 633 3242 et
658 3169 873 3242 luminosior
899 3169 1001 3242 solet
1027 3168 1118 3240 Dicit
1141 3188 1231 3263 ergo
1249 3167 1408 3242 admira-

236 3289 331 3362 tive:
357 3274 391 3361 E*
412 3293 581 3362 Beutrice.
607 3288 743 3362 Ordine
761 3289 812 3362 sie
829 3289 972 3362 literam
993 3295 1029 3362 et
1049 3295 1222 3362 construe
1242 3307 1326 3380 quae
1353 3294 1408 3361 est

236 3407 429 3482 fortissima
454 3415 493 3482 et
517 3409 673 3503 pessime
699 3409 879 3482 intellecta
905 3429 928 3481 a
953 3407 1100 3480 multis:
1126 3407 1156 3480 si
1173 3407 1226 3480 sol
1253 3413 1334 3481 erat
1358 3407 1407 3479 ita

236 3529 372 3620 lucens,
399 3536 529 3620 quanto
555 3531 633 3620 quel
656 3531 782 3602 el’eru
808 3532 966 3602 Beutmce
982 3531 1151 3602 convenio
1168 3549 1262 3600 esser
1279 3530 1408 3600 lucente

235 3649 284 3719 du
307 3642 356 3737 se',
383 3646 485 3741 idest,
511 3649 659 3741 qualem
686 3667 766 3722 esse
791 3647 1031 3722 conveniebat
1062 3647 1099 3720 in
1134 3647 1274 3721 lumine
1299 3667 1408 3741 supe·

237 3773 342 3840 rante
367 3767 495 3861 solem,
516 3769 641 3842 dentre
666 3772 705 3841 ul
727 3772 799 3841 sole
823 3771 950 3842 dov’io
973 3771 1147 3858 cutroni,
1167 3766 1270 3860 quasi
1288 3767 1406 3841 dicat:

236 3885 374 3959 infinite
397 3885 555 3961 debebat
579 3908 660 3962 esse
685 3889 812 3962 lucens
839 3893 1005 3983 respectu
1028 3887 1121 3961 illius
1146 3886 1294 3960 luminis
1312 3885 1407 3978 solis,

236 4007 335 4100 quod
361 4014 440 4080 erat
466 4028 598 4102 parum
626 4016 795 4103 respectu
813 4007 913 4101 eius3
941 4017 977 4083 et
998 4008 1105 4082 dicit:
1125 4029 1195 4080 non
1209 4028 1277 4099 per
1296 4008 1408 4095 color,

236 4147 295 4198 mu
315 4148 383 4218 per
408 4127 497 4198 lume
518 4135 700 4218 pervento,
727 4128 818 4202 idest
843 4134 1043 4222 apparente
1060 4148 1107 4201 ex
1123 4119 1160 4218 (¹)
1178 4125 1409 4221 superabun-

235 4245 357 4318 dantia
384 4245 440 4318 sui
467 4247 627 4340 luminis,
651 4268 724 4321 non
749 4255 898 4343 propter
929 4247 1092 4321 colorem
1122 4245 1184 4339 qui
1211 4244 1410 4339 corporalis

235 4371 302 4458 est,
328 4365 532 4441 Beatricem
558 4367 650 4462 dieo,
678 4371 791 4459 quello
816 4371 876 4440 ete
899 4371 932 4440 si
954 4387 1078 4458 scorpe
1108 4369 1145 4440 dt
1168 4368 1251 4439 dorm
1274 4369 1311 4439 in
1338 4387 1409 4439 nw-

299 4623 327 4682 t¹l
342 4623 373 4675 ll.
388 4638 420 4675 ex
436 4625 600 4676 abundantia.
