3746 5680
471 484 517 550 32
863 495 1068 552 COMENTUM
1093 500 1259 552 rmnnrsr

468 643 552 730 ylio,
571 641 674 735 idest,
693 661 777 735 quae
794 649 933 735 quanto
951 643 1033 736 plus
1053 643 1213 716 ascendit
1232 663 1361 716 versus
1378 643 1537 738 primam
1556 665 1642 719 cau·

469 781 560 852 sam,
574 767 676 835 tanto
695 761 810 856 magis
828 761 991 835 noscitur
1006 754 1042 853 (⁴)
1061 762 1261 836 ascendere
1278 763 1459 858 gradatim
1482 764 1644 839 debono

468 881 506 954 in
533 882 663 956 melios
680 883 784 956 valor
804 881 899 954 illius
925 881 1094 975 scientim,
1120 882 1238 957 donec
1258 884 1469 977 pervenerit
1486 885 1532 958 ad
1552 884 1644 959 fina-

470 1003 543 1076 lom
569 1002 770 1076 terminum
784 1026 794 1095 ;
813 1008 849 1076 et
865 1001 973 1076 dicit:
999 995 1029 1074 si
1044 1002 1268 1075 suddumcnlc
1283 1006 1343 1076 che
1359 1006 1468 1076 l'atto
1483 1025 1548 1076 suo
1572 1026 1645 1076 oon

469 1126 651 1214 sisporpe
672 1144 740 1214 per
766 1130 891 1215 tempo,
910 1121 1011 1215 idest,
1030 1142 1104 1195 non
1128 1121 1324 1196 deducitur
1337 1114 1374 1214 (²)
1403 1122 1439 1195 in
1464 1129 1643 1218 tempore,

470 1243 557 1335 quia
581 1250 686 1316 actus
712 1243 791 1316 eius
816 1249 871 1316 est
897 1243 1147 1316 instantaneus
1172 1249 1210 1315 et
1227 1242 1538 1337 imperceptibilis;
1558 1265 1641 1318 nam

469 1370 511 1436 ut
531 1364 610 1458 jam
635 1364 774 1437 dictum
801 1368 867 1456 est,
886 1362 923 1435 in
941 1362 1086 1436 instanti
1105 1362 1181 1434 risa
1199 1367 1253 1435 est
1271 1361 1350 1435 lieri
1367 1363 1580 1437 clarissima.
1596 1403 1645 1416 -

470 1487 650 1556 Perclr'io.
686 1483 750 1556 llic
781 1489 892 1556 autor
923 1489 1075 1556 excusat
1106 1501 1146 1555 se
1177 1481 1224 1555 ad
1256 1481 1535 1575 descriptionem
1567 1489 1643 1556 tam

469 1601 678 1676 excellentis
695 1600 948 1695 pulcritudinis
965 1607 1001 1674 et
1021 1601 1213 1673 claritatis:
1232 1607 1268 1674 et
1284 1600 1371 1674 dicit
1387 1601 1486 1693 quod
1507 1601 1553 1675 ad
1574 1603 1644 1675 hoc

469 1742 542 1795 non
568 1721 701 1795 sufficit
726 1728 825 1794 totus
850 1730 1004 1796 oouatus
1029 1720 1206 1813 hominis;
1224 1719 1324 1794 unde
1348 1719 1453 1792 dicit:
1474 1722 1643 1812 perct'io

469 1845 594 1916 chrosni
623 1845 658 1914 lo
675 1846 839 1933 'npepom
864 1844 887 1913 t'
899 1848 977 1915 orte
1006 1862 1025 1912 e
1058 1843 1171 1930 tuso,
1198 1840 1302 1934 quasi
1328 1839 1446 1914 dicat:
1474 1839 1643 1933 quamvis

470 1981 541 2058 ego
560 1961 731 2056 experiar
757 1960 959 2056 ingenium,
988 1943 1120 2052 artem,
1153 1966 1190 2032 et
1227 1979 1350 2052 usum,
1381 1979 1465 2052 quae
1491 1958 1561 2032 tria
1586 1958 1643 2031 vi-

469 2082 604 2156 dentur
628 2081 806 2175 perficere
831 2079 1005 2173 quicquid
1030 2080 1142 2152 homo
1168 2077 1395 2174 aggreditur,
1420 2071 1450 2150 sl
1475 2081 1537 2151 ool
1552 2079 1643 2150 diret

469 2203 530 2273 cle
554 2203 628 2274 mai
650 2203 950 2290 rimmapinosse,
968 2199 1069 2292 idest,
1087 2220 1161 2273 non
1186 2219 1331 2294 possem
1357 2199 1567 2293 exprimere
1592 2200 1642 2272 ita

470 2318 570 2412 quod
594 2319 707 2391 homo
732 2328 854 2412 posset
873 2318 1084 2392 humaniter
1102 2318 1310 2414 imaginari,
1329 2317 1392 2391 sed
1413 2318 1507 2391 hene
1523 2324 1642 2412 potest

471 2437 569 2511 credi
596 2443 632 2510 et
657 2437 766 2511 dehet
790 2438 926 2532 optari;
954 2437 1052 2511 unde
1076 2437 1179 2512 dicit:
1211 2459 1271 2510 mo
1296 2441 1419 2510 aeder
1429 2441 1554 2529 puossi
1569 2459 1588 2509 e
1604 2440 1642 2510 di

471 2560 575 2629 pedm
598 2559 630 2629 si
654 2557 793 2650 dromi;
820 2558 923 2651 quasi
948 2557 1063 2632 dicat:
1090 2563 1285 2652 postquam
1307 2557 1542 2653 imaginativa
1568 2578 1643 2631 non

470 2684 526 2750 est
543 2675 739 2770 sufficiens,
750 2676 838 2750 lides
852 2684 890 2751 et
902 2677 1099 2750 credulitas
1116 2683 1335 2751 succurrant
1347 2676 1392 2749 ad
1406 2676 1641 2772 cogitandum

469 2802 609 2889 quanto
633 2797 781 2870 Beatrix
806 2804 887 2871 erat
912 2797 1092 2870 lucentior
1117 2799 1214 2890 sole,
1241 2818 1327 2870 uam
1348 2796 1394 2870 de
1416 2796 1468 2870 rei
1488 2797 1642 2871 veritate

468 2916 568 3009 fides,
587 2938 661 2990 uon
680 2916 785 3008 ratio,
798 2922 854 2989 est
871 2916 931 2989 illa
952 2936 1036 3009 quae
1054 2915 1138 2988 lacit
1157 2915 1281 2989 videre
1299 2914 1538 2990 excellentem
1557 2916 1641 3010 pul-

468 3035 685 3111 critudinem
723 3035 909 3129 Beatricis,
937 3055 1051 3128 quam
1082 3035 1288 3108 intellectus
1320 3035 1506 3107 humanus
1539 3054 1642 3107 com-

468 3157 697 3251 prehendere
722 3177 794 3230 non
821 3162 949 3251 potest.
964 3161 1059 3228 -Ε
1081 3177 1118 3228 se
1142 3158 1173 3227 te
1197 3162 1325 3228 nostre.
1344 3154 1408 3228 llic
1424 3161 1534 3227 aumr
1552 3174 1640 3248 pro-

469 3278 532 3351 hat
568 3297 634 3370 per
672 3277 796 3350 locum
826 3299 849 3350 a
879 3276 986 3348 simili
1025 3295 1143 3368 quare
1181 3274 1333 3349 facultas
1370 3274 1534 3348 humana
1568 3293 1641 3346 uon

469 3396 613 3488 sufficit,
640 3396 775 3470 scilicet
799 3403 948 3490 propter
973 3395 1158 3469 defectum
1181 3393 1456 3488 phantasiarum
1477 3413 1561 3487 quae
1579 3413 1641 3467 re·

469 3515 654 3609 cipiuutur
675 3535 697 3587 a
715 3514 893 3607 sensibus,
911 3521 949 3587 et
974 3534 1103 3587 sensus
1129 3513 1230 3586 visus
1255 3533 1328 3586 uon
1353 3512 1515 3586 ascendit
1540 3512 1638 3585 ultra

469 3634 670 3709 claritatem
697 3633 800 3727 solis;
826 3639 863 3707 et
889 3633 940 3707 sic
965 3653 1038 3705 uon
1056 3639 1175 3726 potest
1195 3633 1256 3707 ille
1272 3653 1401 3706 sensus
1418 3633 1506 3706 dare
1523 3633 1641 3724 phan-

469 3754 597 3828 tasiam
632 3753 828 3846 plusquam
842 3744 880 3844 (⁸)
912 3753 1209 3846 comprehendat,
1245 3753 1308 3827 sed
1340 3753 1460 3847 potius
1493 3750 1641 3824 ratioci-

468 3875 587 3948 nando
614 3879 732 3967 potest
762 3873 879 3968 magis
904 3873 1014 3948 credi.
1033 3873 1136 3947 Unde
1161 3874 1266 3947 dicit:
1294 3879 1326 3946 E
1348 3893 1420 3944 ooo
1444 3868 1465 3944 e*
1487 3874 1642 3944 monm-

466 3999 540 4086 ptto
559 4017 596 4068 sc
612 3998 643 4068 le
660 4001 779 4066 nosue
795 3997 947 4087 fontasio
963 4015 1029 4066 son
1049 3995 1149 4066 basse
1165 4015 1190 4065 o
1207 4001 1305 4066 tanto
1331 3995 1483 4083 oltczzo,
1504 3991 1639 4065 scilicet

467 4115 513 4188 ad
538 4113 772 4210 cogitandum
806 4113 906 4206 quod
934 4113 1080 4187 Beatrir
1107 4119 1203 4187 esset
1235 4112 1454 4207 splendidior
1480 4111 1576 4202 sole,
1604 4116 1640 4182 et

468 4253 555 4306 ecce
577 4233 778 4306 rationem:
797 4229 858 4306 cte*
872 4251 983 4324 sopra
995 4236 1020 4304 ’l
1035 4235 1107 4305 sote
1123 4253 1195 4305 noo
1212 4234 1253 4325 [u
1273 4235 1390 4305 occido
1410 4232 1637 4320 clt'ondosse,

468 4351 572 4444 quasi
597 4351 716 4425 dicat:
743 4352 872 4426 oculus
893 4353 1080 4425 humanus
1098 4372 1171 4425 uon
1188 4358 1307 4445 potest
1326 4350 1450 4424 videre
1468 4369 1548 4423 rem
1565 4349 1642 4421 cla-

530 4607 558 4668 (¹)
574 4605 604 4656 Ε.
621 4606 731 4656 ridetur.
920 4607 947 4670 (¹)
963 4607 987 4657 S.
1004 4607 1118 4657 ducitur.
1320 4605 1347 4669 (¹)
1364 4606 1395 4656 E.
1411 4605 1584 4668 ultraquam.
