3746 5680
652 490 793 546 candus
818 489 984 544 Duellius.
1349 477 1391 540 41

219 637 256 706 di
283 635 450 723 Colopho.
478 635 540 707 Est
564 633 663 708 enim
690 635 839 709 Colonia
864 629 988 728 etc.(¹),
1008 635 1104 710 unde
1121 637 1189 709 luit
1210 632 1394 709 luvenalis

219 759 336 850 poeta.
351 754 396 827 Et
413 754 472 828 bic
490 761 575 828 nota
593 755 692 847 quod
714 756 770 829 isti
789 756 939 829 luerunt
955 756 1030 829 duo
1048 757 1243 830 luminaria
1262 775 1396 848 magna

221 873 325 946 istius
343 873 496 946 ordinis:
518 873 689 948 Albertus
708 874 744 947 in
766 875 1007 968 naturalibus,
1021 876 1178 949 Thomas
1200 875 1236 947 in
1255 874 1395 948 divinis.

223 997 329 1066 -Se
345 1001 389 1066 ta.
416 994 481 1067 llio
506 995 665 1068 Thomas
684 994 800 1068 reddit
817 1000 988 1069 autorem
1006 1000 1187 1068 attentum
1206 994 1253 1067 ad
1270 992 1398 1088 cogni·

225 1112 358 1186 tionem
378 1120 598 1187 caeterorum
617 1113 813 1208 spirituum
841 1114 936 1186 illius
954 1135 1112 1208 corooae,
1130 1114 1275 1187 dicens:
1295 1118 1338 1185 Se
1363 1119 1397 1184 tu

223 1239 279 1304 ten
296 1235 374 1304 uteo
394 1235 526 1306 diretro
551 1237 590 1305 ol
614 1239 683 1307 mio
705 1238 836 1326 partor
852 1237 909 1307 col
924 1237 1011 1325 vtro,
1030 1235 1132 1327 idest,
1149 1235 1397 1329 speculatione

224 1359 298 1445 tua,
324 1356 479 1443 wando
504 1376 545 1428 su
568 1376 634 1446 per
660 1358 694 1427 lo
720 1356 818 1428 beato
837 1362 944 1445 serto,
962 1355 1053 1429 idest
1070 1356 1251 1451 gradatim
1270 1362 1307 1429 et
1325 1355 1397 1428 cir-

224 1474 372 1547 culatim
390 1465 426 1566 (²)
454 1474 693 1549 discurrendo
714 1496 780 1569 per
798 1476 903 1549 istam
922 1495 1099 1549 coronam
1117 1477 1312 1550 beatorum
1330 1474 1398 1547 do-

222 1599 439 1666 ctorum-
452 1597 669 1681 Ouell'oltro.
684 1595 749 1668 llic
766 1596 925 1668 Thomas
941 1595 1114 1668 describit
1137 1595 1250 1668 alium
1270 1595 1397 1668 docto-

223 1733 317 1806 rem,
335 1713 470 1787 scilicet
487 1713 702 1787 Gratianum
723 1716 958 1788 monachum.
980 1714 1034 1786 dd
1053 1715 1158 1788 cuius
1177 1715 1395 1789 evidentiam

226 1838 281 1906 est
305 1832 570 1926 praesciendum
598 1833 696 1926 quod
723 1834 790 1907 iste
817 1834 1013 1907 Gratianus
1039 1833 1106 1906 luit
1133 1834 1334 1907 monachus
1351 1834 1398 1907 de

223 1943 415 2045 ordinel³)‚
452 1953 515 2045 qui
547 1953 629 2026 lecit
663 1974 755 2047 opus
788 1954 999 2049 egregium,
1033 1953 1132 2047 quod
1166 1953 1298 2026 dicitur
1332 1953 1397 2026 de-

223 2078 379 2164 cretum,
412 2073 448 2145 ln
485 2094 560 2165 quo
591 2081 659 2146 etc.
695 2074 814 2167 Opere
844 2081 971 2147 autem
1006 2074 1180 2168 perlecto,
1214 2073 1397 2147 transtulit

225 2212 264 2266 se
289 2191 337 2265 ad
362 2191 505 2266 curiam
533 2213 727 2265 romanam
754 2213 865 2267 causa
890 2193 1098 2286 publicandi
1123 2200 1191 2267 etc.
1220 2194 1324 2266 Nunc
1351 2191 1399 2266 ad

227 2312 384 2404 literam,
419 2312 503 2385 dicit
535 2313 709 2386 Thomas:
741 2315 950 2401 Ouell'oltro
980 2315 1260 2404 fiammepptare,
1294 2313 1396 2404 idest,

225 2433 358 2506 caritas
387 2432 531 2526 ardens,
567 2453 640 2505 esce
669 2435 725 2506 det
753 2437 840 2522 riso,
875 2433 977 2526 idest,
1006 2433 1053 2506 de
1080 2433 1212 2526 laetitla,
1238 2437 1276 2505 dl
1303 2438 1398 2506 Gro-

227 2555 347 2642 ziooo,
371 2571 460 2624 vere
480 2551 598 2646 gratia
618 2553 746 2645 plenus
766 2559 802 2626 et
823 2561 951 2647 gratus
973 2553 1048 2626 lieo
1066 2560 1102 2626 et
1122 2553 1278 2646 mund03
1298 2554 1395 2627 unde

228 2669 337 2742 dicit:
362 2673 421 2741 clte
451 2662 545 2743 atutd
571 2673 593 2741 l'
606 2693 676 2743 uno
701 2692 720 2742 e
745 2674 766 2742 l'
780 2675 873 2743 oltro
895 2668 993 2765 fdro,
1020 2671 1165 2763 scilicet,
1189 2673 1395 2745 humanum

227 2797 265 2864 et
290 2789 469 2883 divinum,
499 2790 634 2864 scilicet
664 2789 769 2864 civile
795 2797 830 2864 et
856 2791 1088 2881 canonicum,
1109 2785 1138 2862 sl
1164 2793 1224 2862 che
1246 2812 1337 2881 pore
1362 2796 1399 2863 to

223 2912 411 3001 ραναάίεο,
437 2910 539 3004 idest,
567 2911 770 2986 ostenditur
802 2911 840 2984 iu
875 2911 943 2984 ista
971 2932 1077 3005 spera
1108 2911 1211 3003 solis3
1244 2913 1330 3005 quia
1363 2914 1416 2985 in·

226 3031 395 3125 paradiso
421 3030 648 3105 beatificatus
674 3037 728 3105 est
755 3031 825 3104 sub
842 3031 1028 3105 intluentia
1050 3031 1134 3104 solis
1152 3038 1301 3125 propter
1320 3053 1400 3106 me-

229 3151 296 3225 rita
314 3171 400 3224 sua:
428 3151 511 3224 lecit
536 3158 662 3225 autem
685 3172 777 3244 opus
803 3171 914 3224 suum
936 3151 973 3223 in
994 3150 1140 3224 civitate
1157 3151 1343 3243 Bononiae,
1362 3152 1400 3224 in

229 3271 450 3347 monasterio
477 3271 590 3344 sancti
617 3271 743 3345 Felicis
769 3271 806 3344 in
826 3271 956 3344 cellula
980 3291 1092 3364 parra
1110 3277 1180 3345 etc.
1195 3311 1244 3324 -
1257 3274 1399 3343 L'oltro.

229 3393 292 3466 llic
317 3393 476 3465 Thomas
510 3391 680 3464 describit
711 3390 824 3464 alium
859 3389 1060 3482 doctorem,
1087 3390 1222 3465 scilicet
1249 3392 1400 3464 Petrum

230 3510 490 3586 lombardum.
510 3510 563 3582 Ad
581 3509 688 3582 cuius
705 3508 924 3583 evidentiam
943 3516 998 3582 est
1015 3508 1279 3602 praesciendum
1302 3510 1401 3603 quod

229 3630 297 3705 iste
321 3631 388 3703 luit
415 3629 588 3725 magister
615 3631 745 3704 Petrus
770 3629 997 3702 Lombardus
1015 3627 1206 3723 episcopus
1224 3629 1402 3724 parisien·

228 3754 287 3845 sis,
306 3753 370 3846 qui
391 3752 475 3826 lecit
500 3772 592 3845 opus
618 3750 883 3824 sententiarum
901 3750 938 3822 in
959 3770 1064 3823 sacra
1090 3751 1283 3846 theologia,
1302 3750 1401 3843 quod

230 3874 367 3966 ubique
379 3872 514 3969 legitur
527 3871 671 3965 publice
684 3871 719 3942 iu
734 3870 899 3944 scholisa
919 3870 1060 3965 maguis
1078 3871 1273 3964 magistris,
1291 3890 1402 3964 super

229 3994 328 4087 quod
345 3998 430 4066 sunt
448 3991 542 4066 sacta
560 3993 676 4065 multa
698 3997 735 4064 at
754 4010 886 4085 magna
905 4009 1017 4082 opera
1035 4009 1101 4083 per
1126 3990 1261 4062 multos
1279 3990 1402 4064 excel-

231 4114 345 4187 lentes
380 4098 543 4202 virosl‘),
574 4110 667 4184 sicut
697 4130 762 4202 per
787 4109 964 4182 Thomam
991 4108 1038 4182 de
1063 4107 1206 4200 Aquino
1241 4115 1279 4182 et
1313 4109 1402 4183 alios

230 4235 388 4307 multos:
416 4229 499 4305 lecit
523 4236 648 4302 autem
676 4229 812 4302 librum
834 4229 946 4302 istum
965 4235 1032 4301 etc.
1052 4229 1157 4302 Nunc
1175 4228 1220 4302 ad
1238 4228 1401 4323 literam3

227 4352 313 4426 dicit
338 4351 519 4423 Thomas:
549 4352 685 4421 L'oltro
711 4351 770 4421 ohe
795 4369 979 4441 oppresso,
1005 4347 1152 4440 scilicet,
1175 4349 1282 4442 juxta
1308 4348 1403 4423 Gra-

291 4535 319 4598 (¹)
335 4535 366 4584 ll.
382 4534 490 4584 Colonia
500 4541 550 4584 etc.
561 4535 596 4584 Et
605 4535 630 4584 lo
645 4537 735 4584 Tomos
745 4534 881 4598 d'Aputoo.
895 4534 940 4583 Est
951 4534 1020 4583 enlm
1033 4534 1168 4597 Aquinum
1179 4539 1238 4594 cto,
1248 4534 1316 4582 unda
1328 4533 1385 4584 luit.

292 4613 320 4676 ς’)
335 4614 366 4664 Ε.
383 4613 517 4663 oculatim.
641 4611 668 4672 (ἢ
683 4611 710 4662 S.
727 4613 818 4662 ordine
833 4613 957 4671 mundam,
974 4612 1028 4675 qui.
1153 4611 1181 4673 (¹)
1198 4611 1228 4660 ll.
1246 4611 1374 4660 doctores.
