3746 5680
411 547 413 552 ¹
464 469 509 534 ll
853 477 1058 533 mnemon
1083 479 1250 532 nnnnmsr

461 620 583 695 anima
609 621 717 696 beata
734 620 832 695 videt
851 617 1081 694 allectionem
1103 619 1254 712 autoris,
1273 618 1359 712 quia
1380 619 1572 714 participat
1590 621 1636 696 de

460 739 582 814 divino
612 739 761 815 lumine.
787 738 880 814 Dicit
910 758 1020 835 ergo:
1048 741 1201 829 Diss'io,
1227 760 1250 810 o
1275 739 1374 810 beato
1408 742 1531 832 spirto,
1566 743 1636 814 Dio

462 862 543 934 cede
569 867 664 954 tutto,
693 859 779 952 qnia
805 857 916 933 etiam
943 857 1087 933 occulta
1112 859 1279 933 cordium
1306 858 1415 952 videt,
1445 880 1464 931 e
1494 867 1552 932 oto
1578 882 1635 934 ve-

461 983 526 1054 der
550 983 712 1071 sinluto,
730 979 833 1072 idest,
852 977 1042 1072 participat
1066 978 1113 1052 de
1138 977 1278 1052 lumine
1305 978 1397 1071 eins,
1417 979 1503 1072 quia
1522 981 1635 1076 respi-

462 1099 562 1174 ciens
580 1101 700 1174 Deum
723 1108 899 1192 tanquam
923 1098 1116 1192 speculum
1134 1097 1259 1172 videns
1273 1096 1468 1172 veritatem
1493 1120 1633 1194 rerum,

461 1210 491 1290 sl
516 1223 575 1291 ote
599 1221 696 1291 nmio
714 1221 831 1309 voglio
856 1219 893 1291 a·
916 1211 966 1308 ni,
987 1216 1090 1310 idest,
1108 1216 1219 1310 ipsius
1236 1216 1313 1310 Dei,
1329 1224 1433 1309 poete
1449 1239 1543 1292 esser
1556 1223 1635 1312 solo

462 1346 554 1429 ate,
580 1339 682 1432 idest,
708 1337 843 1412 furtiva
868 1343 906 1411 et
930 1337 1074 1411 occulta
1102 1337 1174 1410 tibi.
1202 1337 1246 1409 lit
1270 1336 1392 1412 subdit
1422 1338 1633 1432 petitionem

462 1479 581 1551 suam,
594 1457 736 1532 dicens:
756 1476 873 1551 quare
890 1476 981 1552 ergo
1001 1456 1030 1530 si
1047 1457 1236 1553 cognoscis
1254 1476 1376 1531 meam
1394 1457 1632 1533 incentionem

464 1597 537 1650 non
564 1595 625 1650 me
650 1579 865 1650 contentas?
881 1581 983 1650 certe
1003 1595 1074 1672 ego
1096 1595 1169 1649 non
1190 1583 1423 1670 expectarem
1443 1583 1547 1650 tuam
1569 1598 1634 1673 pe-

462 1695 626 1770 titionem
652 1695 683 1768 si
708 1714 982 1791 cognoscerem·
996 1693 1047 1769 ita
1072 1701 1176 1769 tuam
1210 1696 1437 1770 voluntatem
1468 1696 1562 1770 sicut
1593 1703 1632 1769 tu

461 1815 649 1910 cognoscis
681 1834 816 1889 meam.
842 1814 935 1889 Dicit
960 1835 1074 1911 ergo:
1106 1817 1243 1906 duoque
1267 1819 1304 1888 to
1328 1837 1410 1889 voce
1438 1823 1512 1908 too,
1537 1819 1597 1889 cle
1612 1820 1638 1890 't

460 1938 524 2008 cccl
553 1937 728 2030 contla,
764 1934 866 2027 idest,
899 1933 1066 2027 delectat,
1096 1954 1233 2028 snnpre
1264 1939 1320 2008 col
1348 1943 1464 2027 como,
1499 1935 1635 2011 scilicet

461 2075 599 2128 osanna
624 2054 670 2128 de
696 2074 771 2148 quo
791 2053 929 2127 dictum
955 2060 1011 2126 est
1036 2073 1159 2146 snpra,
1181 2057 1218 2128 dt
1244 2059 1318 2150 poc
1328 2058 1446 2148 [nocti
1464 2059 1531 2147 pii,
1557 2055 1635 2128 illo-

462 2198 546 2251 rum
585 2177 804 2250 thronorum
839 2175 898 2248 vel
937 2173 1221 2269 principatuum,
1257 2175 1304 2250 de
1341 2175 1474 2270 quibus
1512 2175 1635 2249 scribit

462 2295 626 2369 Ezechiel
653 2295 841 2389 propheta,
869 2298 909 2366 ut
934 2293 1050 2388 patuit
1081 2293 1119 2368 in
1154 2295 1383 2390 purgatorio,
1410 2297 1470 2368 cle
1491 2299 1637 2389 senensi

462 2418 607 2510 cucullo,
637 2415 739 2507 idest,
766 2413 943 2506 habitum,
973 2417 1011 2487 da·
1040 2418 1090 2487 sei
1121 2418 1189 2505 ale,
1215 2415 1310 2489 sicut
1342 2415 1547 2509 expositum
1580 2423 1635 2490 est

462 2534 522 2627 ibi,
546 2529 676 2626 percle*
701 2553 775 2606 oon
803 2535 975 2627 sodissoce
1003 2538 1041 2607 ci
1072 2537 1152 2607 mcci
1184 2537 1275 2626 disat,
1306 2535 1453 2628 seilicet,
1482 2534 1634 2610 dicendo

463 2653 549 2726 mihi
575 2653 657 2746 quis
682 2673 734 2746 es,
759 2658 958 2747 antequam
991 2660 1119 2748 petam
1144 2654 1190 2728 de
1221 2655 1309 2728 hoc:
1340 2645 1401 2745 otc
1426 2675 1499 2728 non
1523 2661 1634 2728 oten-

460 2776 552 2846 dere’
565 2776 600 2845 io
613 2775 868 2862 ordinanda,
882 2773 984 2866 idest,
998 2781 1098 2848 certe
1111 2794 1182 2870 ego
1196 2793 1268 2847 non
1282 2781 1515 2868 expectarem
1530 2781 1633 2849 tuam

459 2892 682 2987 petitionem,
708 2892 783 2966 imo
808 2893 1050 2988 prevenirem
1077 2898 1124 2987 te,
1150 2897 1226 2966 s’r'o
1251 2897 1297 2967 m'
1310 2898 1456 2969 tentoni
1479 2915 1575 2969 conec
1599 2903 1635 2968 to

459 3016 614 3104 ttmmit,
627 3012 730 3107 idest,
744 3012 773 3087 si
791 3034 861 3109 ego
875 3013 1007 3088 scirem
1017 3007 1054 3106 (⁴)
1069 3013 1118 3088 ita
1135 3035 1201 3088 cor
1218 3021 1255 3089 et
1271 3014 1492 3090 desiderium
1513 3023 1633 3108 tunm,

459 3132 552 3206 sicut
569 3138 610 3204 tn
630 3132 700 3206 scis
719 3152 856 3206 meum.
879 3133 1003 3207 Trahit
1023 3132 1122 3209 enim
1140 3141 1249 3208 autor
1266 3155 1385 3207 unum
1411 3135 1569 3209 verbum
1586 3155 1633 3209 ex

461 3251 527 3324 isto
549 3251 764 3345 pronomine
782 3257 835 3344 tu,
853 3259 889 3326 et
909 3253 1008 3327 aliud
1026 3273 1073 3328 ex
1092 3254 1160 3328 isto
1180 3253 1397 3348 pronomine
1420 3274 1500 3349 ego.
1520 3254 1634 3328 Simili

462 3367 571 3442 modo
590 3369 759 3442 formavit
776 3390 887 3463 supra
907 3371 1006 3445 aliud
1025 3373 1181 3447 verbnm
1200 3373 1237 3446 in
1254 3372 1363 3448 tertia
1384 3393 1550 3468 persona,
1571 3373 1632 3446 ubi

459 3489 567 3562 dicit:
593 3489 756 3581 s·r·ntuta,
782 3489 881 3581 quod
907 3496 1025 3582 sonat,
1051 3491 1160 3565 intrat
1185 3491 1221 3564 in
1247 3513 1355 3586 eum;
1381 3493 1494 3567 etita
1519 3496 1633 3565 m'io-

460 3611 576 3700 massi,
603 3608 763 3683 iacerem
780 3599 817 3699 (¹)
845 3615 979 3701 mete,
1005 3611 1161 3699 timorit,
1187 3610 1290 3706 idest,
1317 3613 1404 3687 lacis
1431 3619 1468 3688 te
1494 3634 1564 3687 me.
1583 3651 1632 3666 -

460 3733 510 3800 Lo
535 3731 710 3820 maggior.
737 3728 801 3801 Hic
826 3734 936 3801 autor
960 3729 1062 3822 ponit
1087 3732 1361 3825 responsionem
1378 3733 1464 3808 dicti
1486 3734 1632 3830 spiritns

459 3848 505 3922 ad
531 3869 636 3922 suam
664 3848 899 3942 petitionem:
927 3849 988 3942 qui
1020 3850 1138 3944 primo
1171 3853 1376 3929 manifestat
1402 3875 1442 3928 se
1467 3876 1489 3929 a
1515 3855 1631 3950 patria

458 3990 538 4064 sua,
566 3988 678 4064 qnam
704 3968 940 4044 artificialiter
967 3971 1213 4066 multipliciter
1238 3974 1420 4068 describit,
1447 3983 1485 4050 et
1509 3975 1631 4070 incipit

459 4111 480 4163 a
506 4091 615 4187 longe
640 4090 848 4166 describens
871 4112 975 4166 mare
1001 4093 1037 4165 in
1063 4093 1168 4167 cuius
1186 4094 1262 4169 imo
1288 4095 1408 4170 littore
1434 4096 1548 4190 posita
1575 4100 1630 4170 est

460 4207 585 4282 civitas
610 4210 846 4284 Massiliensis
874 4211 927 4285 Ad
957 4211 1063 4287 cuins
1095 4212 1240 4306 plenam
1270 4214 1543 4310 intelligentiam
1576 4221 1631 4290 est

458 4327 577 4420 primo
603 4330 803 4403 notandum
825 4331 923 4424 quod
950 4331 1043 4406 sicut
1069 4332 1219 4406 tradunt
1247 4353 1376 4409 omnes
1407 4341 1482 4409 tam
1516 4335 1630 4410 histo-

520 4584 548 4646 (¹)
564 4589 587 4646 t,
604 4599 795 4649 cognoscerem.
1045 4589 1072 4653 (¹)
1089 4592 1119 4642 Ε.
1135 4593 1208 4651 idest,
1226 4593 1347 4645 iacerem.
