3746 5680
472 503 516 568 12
859 509 1062 566 conanum
1087 511 1256 565 nnnnnisr

469 664 534 731 est.
547 656 607 731 Isti
621 661 758 749 autern,
773 675 935 749 quorum
948 655 1164 751 sanguinem
1184 654 1275 728 ludit
1288 655 1421 749 impius
1434 655 1501 728 iste
1518 673 1642 728 sacer-

468 776 544 869 dos,
564 777 713 850 luerunt
733 776 815 869 plus
840 795 953 868 quarn
979 775 1138 869 triginta,
1160 779 1201 847 ut
1227 773 1375 868 quidam
1394 774 1641 869 scripserunt3

470 899 543 986 cte,
567 895 669 988 idest,
705 915 818 989 quem
852 894 1082 990 sanguinem,
1115 883 1264 986 donerd,
1299 901 1408 989 turpe
1439 894 1579 967 donum
1605 899 1643 968 et

469 1015 626 1088 imamiae
651 1016 813 1109 plenum,
845 1021 961 1111 questo
981 1022 1076 1107 prete
1104 1021 1247 1106 cortese,
1284 1013 1421 1087 ironice
1450 1014 1641 1110 intelligas,

469 1135 555 1228 quia
581 1134 754 1230 prodigus
780 1133 931 1209 humani
957 1133 1153 1230 sanguinis,
1177 1154 1244 1224 per
1269 1137 1456 1206 mostrursi
1472 1137 1509 1207 di
1520 1142 1640 1226 parte,

470 1253 570 1346 idest,
596 1261 640 1326 ut
663 1253 849 1328 videretur
873 1254 968 1327 hene
993 1253 1039 1327 de
1064 1259 1168 1347 parte
1193 1252 1355 1326 ecclesiae
1375 1259 1413 1326 et
1429 1272 1519 1326 vere
1535 1254 1642 1349 guel-

469 1373 573 1466 phus.
600 1373 643 1445 Et
667 1373 873 1448 concludit:
899 1394 918 1445 e
942 1377 1034 1446 corni
1058 1376 1143 1445 doni
1166 1376 1341 1466 conformi
1361 1375 1456 1464 fimo
1481 1376 1521 1445 al
1545 1377 1642 1445 viver

469 1496 526 1566 del
543 1516 663 1586 paese,
695 1493 797 1586 idest,
827 1494 922 1567 bene
953 1494 1175 1567 conveniunt
1207 1493 1413 1567 viventibus
1444 1493 1572 1567 vitiose
1603 1494 1641 1565 in

468 1613 567 1687 dicta
583 1613 751 1686 Maronia.
766 1617 884 1688 -Su
912 1614 977 1687 llic
1003 1614 1131 1687 ultimo
1157 1612 1301 1687 Cunitia
1324 1613 1519 1707 respondet
1539 1633 1640 1707 quae-

470 1733 576 1804 stioni
602 1733 736 1826 tacitam
754 1733 840 1826 quia
859 1733 957 1806 eninr
983 1739 1093 1806 autor
1119 1738 1264 1827 poterat
1288 1732 1429 1806 dicere:
1454 1732 1640 1826 quomodo

469 1860 571 1948 potes
597 1859 636 1924 tu
662 1853 833 1947 praescire
863 1853 929 1926 ista
955 1853 1081 1927 lutura
1114 1873 1197 1944 quae
1229 1851 1338 1925 modo
1364 1852 1640 1946 praenumiastil

470 1973 663 2068 respondet
694 1971 844 2065 quoda
873 1973 950 2047 Deo
982 1972 1225 2045 mediantibus
1259 1971 1479 2064 quibusdam
1510 1970 1640 2044 intelli-

469 2093 609 2188 gentiis.
641 2093 743 2166 Unde
775 2092 878 2166 dicit:
905 2097 954 2164 Su
983 2113 1071 2165 sono
1096 2094 1240 2184 speculi,
1269 2091 1371 2184 idest,
1398 2091 1496 2185 apud
1520 2092 1639 2164 Deum

469 2219 555 2286 sunt
579 2213 709 2308 angeli,
737 2215 794 2285 uot'
817 2215 922 2285 nnete
952 2215 1073 2304 Treui,
1102 2233 1195 2305 quos
1220 2232 1286 2285 vos
1311 2212 1478 2286 homines
1503 2210 1640 2285 vocatis

470 2332 635 2421 thron0s;
649 2331 778 2404 tertius
791 2331 889 2404 enim
903 2331 993 2405 ordo
1006 2331 1225 2426 angelorum
1239 2331 1289 2404 sio
1304 2340 1458 2404 vocatur
1470 2351 1493 2403 a
1507 2332 1639 2403 throno

465 2448 611 2545 judicii:
632 2469 717 2523 nam
739 2469 806 2544 per
830 2450 1005 2523 thronum
1024 2456 1182 2544 potestas
1202 2449 1394 2545 judiciaria
1416 2449 1638 2544 designatur,

469 2570 555 2663 quia
571 2565 608 2660 (¹)
642 2570 739 2642 Deus
770 2569 900 2642 sedens
932 2570 968 2642 in
994 2569 1046 2643 eis
1071 2570 1208 2664 jndicia
1239 2590 1306 2642 sua
1338 2568 1519 2642 discernit.
1554 2569 1639 2642 ldeo

469 2688 575 2762 dicit:
602 2691 705 2779 unde,
731 2688 832 2781 idest,
858 2709 880 2762 a
906 2688 1051 2782 quibus,
1078 2691 1146 2760 Dio
1171 2691 1380 2782 uindicanda,
1413 2687 1513 2780 idest,
1547 2688 1639 2762 divi-

468 2828 560 2880 num
581 2806 761 2902 judicium
779 2806 959 2901 futurum,
977 2810 1144 2901 risulgeu
1161 2810 1233 2898 noi,
1252 2807 1397 2900 seilicet,
1415 2805 1639 2881 ostendendo

469 2927 571 3000 nobis
597 2927 721 2999 lutura
742 2926 1004 3021 contingentia;
1026 2948 1112 3000 nam
1132 2927 1221 3001 tales
1239 2927 1360 3021 angeli
1382 2932 1533 2999 movent
1557 2945 1639 3019 spe-

470 3068 550 3121 ram
576 3045 738 3139 Veneris,
759 3051 800 3118 ut
820 3045 897 3140 jam
925 3046 1061 3120 dictum
1089 3052 1144 3121 est
1169 3046 1388 3141 praecedenti
1413 3046 1584 3140 capitulo,
1609 3037 1640 3116 sl

469 3171 528 3240 ulte
541 3171 648 3259 questi
658 3169 791 3259 partor
802 3187 846 3239 ne
860 3169 973 3258 patna
992 3168 1111 3259 buoni,
1126 3167 1229 3259 idest,
1243 3166 1310 3240 ista
1332 3165 1517 3260 praedictio
1535 3166 1636 3238 lutu-

469 3306 597 3358 rorum
623 3291 825 3358 eventuum
852 3285 997 3359 videtur
1023 3286 1126 3359 nobis
1151 3285 1266 3378 bona3
1293 3291 1335 3358 ut
1354 3285 1483 3358 saltem
1504 3284 1636 3358 timore

468 3404 577 3477 divini
591 3403 716 3498 judicii
734 3405 900 3478 homines
917 3412 1072 3478 caveant
1088 3405 1155 3477 sibi
1172 3426 1195 3478 a
1213 3404 1345 3477 talibus
1363 3404 1572 3478 sceleribus.
1595 3404 1639 3476 Et

469 3524 526 3598 hic
552 3529 637 3597 nota
663 3523 762 3616 quod
789 3524 865 3597 haee
891 3543 975 3616 quae
1000 3531 1109 3597 autor
1136 3525 1280 3599 videtur
1309 3523 1508 3618 praedicere
1540 3532 1636 3598 tam·

469 3663 581 3738 quam
609 3643 732 3715 lutura
753 3643 832 3737 jam
858 3649 963 3716 erant
989 3643 1173 3735 praeterita
1207 3644 1355 3736 quando
1385 3643 1545 3737 scripsit3
1572 3641 1636 3716 sed

469 3764 578 3836 habet
608 3768 814 3857 respectum
845 3762 891 3836 ad
925 3765 1136 3859 generalem
1173 3764 1349 3838 visionem
1382 3785 1488 3837 suam
1524 3784 1636 3857 quam

467 3882 594 3957 habuit
615 3883 651 3955 in
669 3882 796 3956 MGCC.
808 3884 852 3955 Et
869 3883 983 3979 tangit
1003 3903 1192 3958 recessum
1210 3883 1313 3956 istius
1329 3883 1474 3977 animae,
1493 3884 1634 3960 dicens:

467 4006 526 4094 qui
540 4005 572 4075 si
588 4008 717 4092 tucette,
736 4003 836 4096 idest,
855 4004 964 4078 linem
983 4003 1067 4077 lecit
1084 4004 1245 4078 sermoni
1271 4025 1351 4095 suo,
1369 4009 1523 4098 efecemt
1547 4029 1637 4080 sem-

466 4124 592 4212 ln‘unte,
617 4123 721 4216 idest,
747 4122 904 4219 signum,
930 4126 989 4196 cde
1011 4127 1104 4217 fosse
1121 4125 1172 4196 ud
1187 4127 1281 4196 ultro
1302 4127 1409 4214 voltu,
1427 4125 1573 4220 scilicet,
1591 4128 1638 4202 ad

465 4241 808 4334 contemplationem
835 4241 912 4336 oei,
924 4265 992 4335 per
1008 4247 1046 4316 1ο
1061 4251 1156 4335 rota,
1175 4244 1277 4338 idest,
1295 4265 1470 4318 coronam
1491 4246 1637 4322 illarum

466 4359 686 4453 animarum,
714 4381 798 4454 quae
823 4363 1068 4440 movebantur
1094 4363 1335 4459 circulariter,
1369 4372 1407 4439 et
1441 4369 1637 4442 cantabant

528 4615 555 4680 (¹)
572 4615 603 4666 ll.
620 4616 679 4681 qula
696 4617 859 4682 omnlpotenr
875 4618 954 4671 Dens.
