<?xml version="1.0" encoding="UTF-8"?>
<!DOCTYPE html PUBLIC "-//W3C//DTD XHTML 1.0 Transitional//EN"
    "http://www.w3.org/TR/xhtml1/DTD/xhtml1-transitional.dtd">
<html xmlns="http://www.w3.org/1999/xhtml" xml:lang="en" lang="en">
 <head>
  <title>
</title>
<meta http-equiv="Content-Type" content="text/html;charset=utf-8" />
  <meta name='ocr-system' content='tesseract 3.04.00' />
  <meta name='ocr-capabilities' content='ocr_page ocr_carea ocr_par ocr_line ocrx_word'/>
</head>
<body>
  <div class='ocr_page' id='page_1' title='image "benevenutideram04benvgoog_0035.png"; bbox 0 0 3746 5680; ppageno 0'>
   <div class='ocr_carea' id='block_1_1' title="bbox 463 507 1252 573">
    <p class='ocr_par' dir='ltr' id='par_1_1' title="bbox 463 507 1252 573">
     <span class='ocr_line' id='line_1_1' title="bbox 463 507 1252 573; baseline 0 -2"><span class='ocrx_word' id='word_1_1' title='bbox 463 507 509 572; x_wconf 78' lang='lat'><strong>20</strong></span> <span class='ocrx_word' id='word_1_2' title='bbox 856 516 1059 573; x_wconf 83' lang='lat' dir='ltr'><strong>couunuuu</strong></span> <span class='ocrx_word' id='word_1_3' title='bbox 1086 519 1252 572; x_wconf 75' lang='lat' dir='ltr'><strong>nannuxsx</strong></span> 
     </span>
    </p>
   </div>
   <div class='ocr_carea' id='block_1_2' title="bbox 461 661 1737 4228">
    <p class='ocr_par' dir='ltr' id='par_1_2' title="bbox 461 661 1640 1595">
     <span class='ocr_line' id='line_1_2' title="bbox 463 661 1640 760; baseline 0.005 -25"><span class='ocrx_word' id='word_1_4' title='bbox 463 661 622 735; x_wconf 87' lang='lat' dir='ltr'><strong>efficitur</strong></span> <span class='ocrx_word' id='word_1_5' title='bbox 647 661 826 755; x_wconf 81' lang='lat' dir='ltr'><strong>superior,</strong></span> <span class='ocrx_word' id='word_1_6' title='bbox 853 662 940 755; x_wconf 90' lang='lat' dir='ltr'><strong>quia</strong></span> <span class='ocrx_word' id='word_1_7' title='bbox 966 664 1188 738; x_wconf 78' lang='lat' dir='ltr'><strong>assimilatur</strong></span> <span class='ocrx_word' id='word_1_8' title='bbox 1214 664 1300 757; x_wconf 82' lang='lat' dir='ltr'><strong>sibi,</strong></span> <span class='ocrx_word' id='word_1_9' title='bbox 1332 685 1417 738; x_wconf 93' lang='lat' dir='ltr'><strong>nam</strong></span> <span class='ocrx_word' id='word_1_10' title='bbox 1451 686 1517 758; x_wconf 92' lang='lat' dir='ltr'><strong>per</strong></span> <span class='ocrx_word' id='word_1_11' title='bbox 1546 687 1640 760; x_wconf 88' lang='lat' dir='ltr'><strong>opus</strong></span> 
     </span>
     <span class='ocr_line' id='line_1_3' title="bbox 462 781 1640 879; baseline 0.007 -27"><span class='ocrx_word' id='word_1_12' title='bbox 462 781 633 877; x_wconf 92' lang='lat' dir='ltr'><strong>gignendi</strong></span> <span class='ocrx_word' id='word_1_13' title='bbox 652 781 862 855; x_wconf 82' lang='lat' dir='ltr'><strong>mortalium</strong></span> <span class='ocrx_word' id='word_1_14' title='bbox 882 803 1010 856; x_wconf 91' lang='lat' dir='ltr'><strong>rerum</strong></span> <span class='ocrx_word' id='word_1_15' title='bbox 1032 790 1256 879; x_wconf 82' lang='lat' dir='ltr'><strong>propagatur</strong></span> <span class='ocrx_word' id='word_1_16' title='bbox 1272 783 1508 879; x_wconf 69' lang='lat' dir='ltr'><strong>diuturnitas</strong></span> <span class='ocrx_word' id='word_1_17' title='bbox 1527 793 1570 860; x_wconf 94' lang='lat' dir='ltr'><strong>ut</strong></span> <span class='ocrx_word' id='word_1_18' title='bbox 1589 787 1640 860; x_wconf 87' lang='lat' dir='ltr'><strong>ait</strong></span> 
     </span>
     <span class='ocr_line' id='line_1_4' title="bbox 462 900 1640 997; baseline 0.003 -23"><span class='ocrx_word' id='word_1_19' title='bbox 462 901 627 994; x_wconf 75' lang='lat' dir='ltr'><strong>Boetius,</strong></span> <span class='ocrx_word' id='word_1_20' title='bbox 653 900 765 994; x_wconf 91' lang='lat' dir='ltr'><strong>aliqui</strong></span> <span class='ocrx_word' id='word_1_21' title='bbox 793 907 917 974; x_wconf 90' lang='lat' dir='ltr'><strong>tamen</strong></span> <span class='ocrx_word' id='word_1_22' title='bbox 944 909 1132 997; x_wconf 91' lang='lat' dir='ltr'><strong>exponunt</strong></span> <span class='ocrx_word' id='word_1_23' title='bbox 1158 903 1232 976; x_wconf 92' lang='lat' dir='ltr'><strong>sic:</strong></span> <span class='ocrx_word' id='word_1_24' title='bbox 1257 901 1425 994; x_wconf 75' lang='lat' dir='ltr'><strong>pcrcbd&#39;l</strong></span> <span class='ocrx_word' id='word_1_25' title='bbox 1448 907 1577 977; x_wconf 86' lang='lat' dir='ltr'><strong>mondo</strong></span> <span class='ocrx_word' id='word_1_26' title='bbox 1602 908 1640 979; x_wconf 87' lang='lat' dir='ltr'><strong>di</strong></span> 
     </span>
     <span class='ocr_line' id='line_1_5' title="bbox 461 1019 1637 1115; baseline 0.004 -23"><span class='ocrx_word' id='word_1_27' title='bbox 461 1042 516 1110; x_wconf 82' lang='lat' dir='ltr'><strong>su,</strong></span> <span class='ocrx_word' id='word_1_28' title='bbox 543 1021 644 1114; x_wconf 87' lang='lat' dir='ltr'><strong>idest,</strong></span> <span class='ocrx_word' id='word_1_29' title='bbox 670 1020 859 1094; x_wconf 91' lang='lat' dir='ltr'><strong>circularis</strong></span> <span class='ocrx_word' id='word_1_30' title='bbox 885 1029 1017 1096; x_wconf 90' lang='lat' dir='ltr'><strong>natura</strong></span> <span class='ocrx_word' id='word_1_31' title='bbox 1043 1023 1210 1115; x_wconf 87' lang='lat' dir='ltr'><strong>ooelestis,</strong></span> <span class='ocrx_word' id='word_1_32' title='bbox 1246 1029 1351 1094; x_wconf 77' lang='lat' dir='ltr'><strong>torm</strong></span> <span class='ocrx_word' id='word_1_33' title='bbox 1384 1026 1462 1114; x_wconf 75' lang='lat' dir='ltr'><strong>paret</strong></span> <span class='ocrx_word' id='word_1_34' title='bbox 1494 1025 1533 1096; x_wconf 85' lang='lat' dir='ltr'><strong>di</strong></span> <span class='ocrx_word' id='word_1_35' title='bbox 1564 1019 1637 1114; x_wconf 71' lang='lat' dir='ltr'><strong>otu,</strong></span> 
     </span>
     <span class='ocr_line' id='line_1_6' title="bbox 461 1141 1637 1234; baseline 0 -20"><span class='ocrx_word' id='word_1_36' title='bbox 461 1141 564 1234; x_wconf 88' lang='lat' dir='ltr'><strong>idest,</strong></span> <span class='ocrx_word' id='word_1_37' title='bbox 585 1148 706 1214; x_wconf 88' lang='lat' dir='ltr'><strong>tornat</strong></span> <span class='ocrx_word' id='word_1_38' title='bbox 730 1147 767 1214; x_wconf 91' lang='lat' dir='ltr'><strong>et</strong></span> <span class='ocrx_word' id='word_1_39' title='bbox 793 1141 923 1214; x_wconf 86' lang='lat' dir='ltr'><strong>circuit</strong></span> <span class='ocrx_word' id='word_1_40' title='bbox 948 1142 1129 1215; x_wconf 93' lang='lat' dir='ltr'><strong>mundum</strong></span> <span class='ocrx_word' id='word_1_41' title='bbox 1151 1142 1382 1216; x_wconf 82' lang='lat' dir='ltr'><strong>inferiorem:</strong></span> <span class='ocrx_word' id='word_1_42' title='bbox 1402 1143 1465 1216; x_wconf 90' lang='lat' dir='ltr'><strong>sed</strong></span> <span class='ocrx_word' id='word_1_43' title='bbox 1486 1143 1552 1216; x_wconf 92' lang='lat' dir='ltr'><strong>ista</strong></span> <span class='ocrx_word' id='word_1_44' title='bbox 1570 1163 1637 1216; x_wconf 90' lang='lat' dir='ltr'><strong>ex-</strong></span> 
     </span>
     <span class='ocr_line' id='line_1_7' title="bbox 463 1254 1636 1358; baseline 0.001 -24"><span class='ocrx_word' id='word_1_45' title='bbox 463 1261 591 1355; x_wconf 87' lang='lat' dir='ltr'><strong>positio</strong></span> <span class='ocrx_word' id='word_1_46' title='bbox 607 1254 643 1352; x_wconf 81' lang='lat'><strong>(⁴)</strong></span> <span class='ocrx_word' id='word_1_47' title='bbox 663 1281 736 1334; x_wconf 94' lang='lat' dir='ltr'><strong>non</strong></span> <span class='ocrx_word' id='word_1_48' title='bbox 762 1261 905 1335; x_wconf 87' lang='lat' dir='ltr'><strong>videtur</strong></span> <span class='ocrx_word' id='word_1_49' title='bbox 930 1262 976 1336; x_wconf 91' lang='lat' dir='ltr'><strong>ad</strong></span> <span class='ocrx_word' id='word_1_50' title='bbox 1003 1262 1249 1357; x_wconf 86' lang='lat' dir='ltr'><strong>propositum;</strong></span> <span class='ocrx_word' id='word_1_51' title='bbox 1276 1262 1357 1336; x_wconf 90' lang='lat' dir='ltr'><strong>ideo</strong></span> <span class='ocrx_word' id='word_1_52' title='bbox 1384 1263 1502 1355; x_wconf 89' lang='lat' dir='ltr'><strong>prima</strong></span> <span class='ocrx_word' id='word_1_53' title='bbox 1519 1263 1636 1358; x_wconf 84' lang='lat' dir='ltr'><strong>magis</strong></span> 
     </span>
     <span class='ocr_line' id='line_1_8' title="bbox 463 1370 1635 1477; baseline 0 -22"><span class='ocrx_word' id='word_1_54' title='bbox 463 1380 608 1455; x_wconf 90' lang='lat' dir='ltr'><strong>videtur</strong></span> <span class='ocrx_word' id='word_1_55' title='bbox 624 1370 660 1470; x_wconf 81' lang='lat'><strong>(²)</strong></span> <span class='ocrx_word' id='word_1_56' title='bbox 676 1380 950 1455; x_wconf 86' lang='lat' dir='ltr'><strong>consonantiam</strong></span> <span class='ocrx_word' id='word_1_57' title='bbox 969 1383 1107 1456; x_wconf 89' lang='lat' dir='ltr'><strong>habere</strong></span> <span class='ocrx_word' id='word_1_58' title='bbox 1124 1389 1161 1455; x_wconf 90' lang='lat' dir='ltr'><strong>et</strong></span> <span class='ocrx_word' id='word_1_59' title='bbox 1178 1383 1258 1476; x_wconf 91' lang='lat' dir='ltr'><strong>plus</strong></span> <span class='ocrx_word' id='word_1_60' title='bbox 1277 1382 1365 1455; x_wconf 91' lang='lat' dir='ltr'><strong>mibi</strong></span> <span class='ocrx_word' id='word_1_61' title='bbox 1384 1382 1512 1476; x_wconf 87' lang='lat' dir='ltr'><strong>placet,</strong></span> <span class='ocrx_word' id='word_1_62' title='bbox 1531 1383 1635 1477; x_wconf 86' lang='lat' dir='ltr'><strong>quasi</strong></span> 
     </span>
     <span class='ocr_line' id='line_1_9' title="bbox 461 1499 1503 1595; baseline 0 -21"><span class='ocrx_word' id='word_1_63' title='bbox 461 1499 580 1574; x_wconf 89' lang='lat' dir='ltr'><strong>dicat:</strong></span> <span class='ocrx_word' id='word_1_64' title='bbox 608 1500 833 1573; x_wconf 79' lang='lat' dir='ltr'><strong>execrabiles</strong></span> <span class='ocrx_word' id='word_1_65' title='bbox 859 1501 1016 1575; x_wconf 88' lang='lat' dir='ltr'><strong>florenos</strong></span> <span class='ocrx_word' id='word_1_66' title='bbox 1043 1521 1108 1595; x_wconf 90' lang='lat' dir='ltr'><strong>per</strong></span> <span class='ocrx_word' id='word_1_67' title='bbox 1134 1519 1227 1594; x_wconf 88' lang='lat' dir='ltr'><strong>quos</strong></span> <span class='ocrx_word' id='word_1_68' title='bbox 1253 1501 1345 1574; x_wconf 87' lang='lat' dir='ltr'><strong>liunt</strong></span> <span class='ocrx_word' id='word_1_69' title='bbox 1369 1503 1503 1575; x_wconf 91' lang='lat' dir='ltr'><strong>omnia.</strong></span> 
     </span>
    </p>

    <p class='ocr_par' dir='ltr' id='par_1_3' title="bbox 461 1611 1737 4228">
     <span class='ocr_line' id='line_1_10' title="bbox 537 1611 1638 1716; baseline 0.004 -27"><span class='ocrx_word' id='word_1_70' title='bbox 537 1623 599 1690; x_wconf 87' lang='lat' dir='ltr'><strong>Mo</strong></span> <span class='ocrx_word' id='word_1_71' title='bbox 610 1615 744 1710; x_wconf 69' lang='lat' dir='ltr'><strong>percite.</strong></span> <span class='ocrx_word' id='word_1_72' title='bbox 759 1618 828 1693; x_wconf 90' lang='lat' dir='ltr'><strong>lsta</strong></span> <span class='ocrx_word' id='word_1_73' title='bbox 846 1625 900 1692; x_wconf 84' lang='lat' dir='ltr'><strong>cst</strong></span> <span class='ocrx_word' id='word_1_74' title='bbox 919 1620 1025 1694; x_wconf 85' lang='lat' dir='ltr'><strong>tertia</strong></span> <span class='ocrx_word' id='word_1_75' title='bbox 1044 1626 1081 1694; x_wconf 90' lang='lat' dir='ltr'><strong>et</strong></span> <span class='ocrx_word' id='word_1_76' title='bbox 1098 1620 1227 1694; x_wconf 91' lang='lat' dir='ltr'><strong>ultima</strong></span> <span class='ocrx_word' id='word_1_77' title='bbox 1244 1641 1329 1714; x_wconf 89' lang='lat' dir='ltr'><strong>pars</strong></span> <span class='ocrx_word' id='word_1_78' title='bbox 1346 1621 1527 1716; x_wconf 88' lang='lat' dir='ltr'><strong>generalis</strong></span> <span class='ocrx_word' id='word_1_79' title='bbox 1543 1611 1580 1713; x_wconf 83' lang='lat'><strong>(³)</strong></span> <span class='ocrx_word' id='word_1_80' title='bbox 1602 1621 1638 1693; x_wconf 96' lang='lat' dir='ltr'><strong>in</strong></span> 
     </span>
     <span class='ocr_line' id='line_1_11' title="bbox 463 1739 1636 1833; baseline 0.002 -21"><span class='ocrx_word' id='word_1_81' title='bbox 463 1760 537 1832; x_wconf 88' lang='lat' dir='ltr'><strong>qua</strong></span> <span class='ocrx_word' id='word_1_82' title='bbox 563 1739 657 1812; x_wconf 89' lang='lat' dir='ltr'><strong>dicta</strong></span> <span class='ocrx_word' id='word_1_83' title='bbox 683 1739 825 1812; x_wconf 90' lang='lat' dir='ltr'><strong>Cunitia</strong></span> <span class='ocrx_word' id='word_1_84' title='bbox 852 1739 1017 1812; x_wconf 90' lang='lat' dir='ltr'><strong>nominat</strong></span> <span class='ocrx_word' id='word_1_85' title='bbox 1042 1739 1151 1813; x_wconf 91' lang='lat' dir='ltr'><strong>aliam</strong></span> <span class='ocrx_word' id='word_1_86' title='bbox 1178 1739 1339 1813; x_wconf 84' lang='lat' dir='ltr'><strong>animam</strong></span> <span class='ocrx_word' id='word_1_87' title='bbox 1371 1741 1560 1833; x_wconf 90' lang='lat' dir='ltr'><strong>antiquam</strong></span> <span class='ocrx_word' id='word_1_88' title='bbox 1590 1739 1636 1814; x_wconf 90' lang='lat' dir='ltr'><strong>de</strong></span> 
     </span>
     <span class='ocr_line' id='line_1_12' title="bbox 462 1858 1638 1954; baseline 0 -23"><span class='ocrx_word' id='word_1_89' title='bbox 462 1864 562 1933; x_wconf 89' lang='lat' dir='ltr'><strong>sorte</strong></span> <span class='ocrx_word' id='word_1_90' title='bbox 584 1858 655 1952; x_wconf 92' lang='lat' dir='ltr'><strong>illa,</strong></span> <span class='ocrx_word' id='word_1_91' title='bbox 674 1865 711 1932; x_wconf 90' lang='lat' dir='ltr'><strong>et</strong></span> <span class='ocrx_word' id='word_1_92' title='bbox 736 1858 855 1952; x_wconf 90' lang='lat' dir='ltr'><strong>primo</strong></span> <span class='ocrx_word' id='word_1_93' title='bbox 879 1859 1096 1932; x_wconf 89' lang='lat' dir='ltr'><strong>continuans</strong></span> <span class='ocrx_word' id='word_1_94' title='bbox 1123 1879 1163 1932; x_wconf 89' lang='lat' dir='ltr'><strong>se</strong></span> <span class='ocrx_word' id='word_1_95' title='bbox 1187 1859 1234 1931; x_wconf 92' lang='lat' dir='ltr'><strong>ad</strong></span> <span class='ocrx_word' id='word_1_96' title='bbox 1259 1859 1500 1952; x_wconf 89' lang='lat' dir='ltr'><strong>praecedentia</strong></span> <span class='ocrx_word' id='word_1_97' title='bbox 1524 1859 1638 1954; x_wconf 89' lang='lat' dir='ltr'><strong>tangit</strong></span> 
     </span>
     <span class='ocr_line' id='line_1_13' title="bbox 461 1977 1638 2072; baseline 0 -22"><span class='ocrx_word' id='word_1_98' title='bbox 461 1979 654 2052; x_wconf 92' lang='lat' dir='ltr'><strong>materiam</strong></span> <span class='ocrx_word' id='word_1_99' title='bbox 682 1977 927 2072; x_wconf 84' lang='lat' dir='ltr'><strong>sequentium,</strong></span> <span class='ocrx_word' id='word_1_100' title='bbox 946 1977 1092 2051; x_wconf 90' lang='lat' dir='ltr'><strong>dicens:</strong></span> <span class='ocrx_word' id='word_1_101' title='bbox 1120 1983 1183 2050; x_wconf 87' lang='lat' dir='ltr'><strong>Mu</strong></span> <span class='ocrx_word' id='word_1_102' title='bbox 1200 1980 1248 2049; x_wconf 84' lang='lat' dir='ltr'><strong>mi</strong></span> <span class='ocrx_word' id='word_1_103' title='bbox 1270 1980 1432 2051; x_wconf 68' lang='lat' dir='ltr'><strong>oenomao</strong></span> <span class='ocrx_word' id='word_1_104' title='bbox 1446 1981 1638 2069; x_wconf 81' lang='lat' dir='ltr'><strong>procedere</strong></span> 
     </span>
     <span class='ocr_line' id='line_1_14' title="bbox 462 2097 1638 2191; baseline 0.003 -21"><span class='ocrx_word' id='word_1_105' title='bbox 462 2119 575 2170; x_wconf 82' lang='lat' dir='ltr'><strong>nacor</strong></span> <span class='ocrx_word' id='word_1_106' title='bbox 610 2101 710 2189; x_wconf 88' lang='lat' dir='ltr'><strong>oltre,</strong></span> <span class='ocrx_word' id='word_1_107' title='bbox 739 2098 885 2191; x_wconf 86' lang='lat' dir='ltr'><strong>scilicet,</strong></span> <span class='ocrx_word' id='word_1_108' title='bbox 917 2098 963 2170; x_wconf 94' lang='lat' dir='ltr'><strong>ad</strong></span> <span class='ocrx_word' id='word_1_109' title='bbox 993 2097 1186 2172; x_wconf 91' lang='lat' dir='ltr'><strong>dicendum</strong></span> <span class='ocrx_word' id='word_1_110' title='bbox 1222 2099 1268 2172; x_wconf 93' lang='lat' dir='ltr'><strong>de</strong></span> <span class='ocrx_word' id='word_1_111' title='bbox 1304 2099 1375 2172; x_wconf 92' lang='lat' dir='ltr'><strong>alia</strong></span> <span class='ocrx_word' id='word_1_112' title='bbox 1413 2099 1535 2172; x_wconf 86' lang='lat' dir='ltr'><strong>anima</strong></span> <span class='ocrx_word' id='word_1_113' title='bbox 1571 2119 1638 2174; x_wconf 91' lang='lat' dir='ltr'><strong>ve·</strong></span> 
     </span>
     <span class='ocr_line' id='line_1_15' title="bbox 462 2215 1637 2311; baseline 0 -20"><span class='ocrx_word' id='word_1_114' title='bbox 462 2239 585 2311; x_wconf 90' lang='lat' dir='ltr'><strong>nerea,</strong></span> <span class='ocrx_word' id='word_1_115' title='bbox 599 2215 728 2309; x_wconf 68' lang='lat' dir='ltr'><strong>percle*</strong></span> <span class='ocrx_word' id='word_1_116' title='bbox 742 2224 797 2290; x_wconf 84' lang='lat' dir='ltr'><strong>ten</strong></span> <span class='ocrx_word' id='word_1_117' title='bbox 811 2221 909 2309; x_wconf 85' lang='lat' dir='ltr'><strong>porti</strong></span> <span class='ocrx_word' id='word_1_118' title='bbox 926 2223 1005 2290; x_wconf 85' lang='lat' dir='ltr'><strong>tutte</strong></span> <span class='ocrx_word' id='word_1_119' title='bbox 1021 2219 1052 2290; x_wconf 85' lang='lat' dir='ltr'><strong>te</strong></span> <span class='ocrx_word' id='word_1_120' title='bbox 1069 2225 1122 2290; x_wconf 85' lang='lat' dir='ltr'><strong>tue</strong></span> <span class='ocrx_word' id='word_1_121' title='bbox 1138 2221 1250 2308; x_wconf 82' lang='lat' dir='ltr'><strong>nuptie</strong></span> <span class='ocrx_word' id='word_1_122' title='bbox 1264 2221 1376 2310; x_wconf 66' lang='lat' dir='ltr'><strong>meae,</strong></span> <span class='ocrx_word' id='word_1_123' title='bbox 1391 2217 1493 2310; x_wconf 90' lang='lat' dir='ltr'><strong>idest,</strong></span> <span class='ocrx_word' id='word_1_124' title='bbox 1514 2219 1637 2292; x_wconf 91' lang='lat' dir='ltr'><strong>omnia</strong></span> 
     </span>
     <span class='ocr_line' id='line_1_16' title="bbox 463 2335 1638 2429; baseline 0.002 -21"><span class='ocrx_word' id='word_1_125' title='bbox 463 2343 526 2410; x_wconf 92' lang='lat' dir='ltr'><strong>tua</strong></span> <span class='ocrx_word' id='word_1_126' title='bbox 554 2335 732 2409; x_wconf 90' lang='lat' dir='ltr'><strong>desideria</strong></span> <span class='ocrx_word' id='word_1_127' title='bbox 759 2337 899 2428; x_wconf 90' lang='lat' dir='ltr'><strong>satiata,</strong></span> <span class='ocrx_word' id='word_1_128' title='bbox 925 2337 985 2409; x_wconf 87' lang='lat' dir='ltr'><strong>cle</strong></span> <span class='ocrx_word' id='word_1_129' title='bbox 1009 2358 1074 2409; x_wconf 84' lang='lat' dir='ltr'><strong>son</strong></span> <span class='ocrx_word' id='word_1_130' title='bbox 1098 2343 1179 2409; x_wconf 85' lang='lat' dir='ltr'><strong>nate</strong></span> <span class='ocrx_word' id='word_1_131' title='bbox 1202 2339 1239 2409; x_wconf 85' lang='lat' dir='ltr'><strong>in</strong></span> <span class='ocrx_word' id='word_1_132' title='bbox 1265 2344 1384 2429; x_wconf 79' lang='lat' dir='ltr'><strong>questo</strong></span> <span class='ocrx_word' id='word_1_133' title='bbox 1408 2359 1527 2429; x_wconf 66' lang='lat' dir='ltr'><strong>span,</strong></span> <span class='ocrx_word' id='word_1_134' title='bbox 1549 2337 1638 2410; x_wconf 89' lang='lat' dir='ltr'><strong>idest</strong></span> 
     </span>
     <span class='ocr_line' id='line_1_17' title="bbox 464 2457 1637 2552; baseline 0.001 -22"><span class='ocrx_word' id='word_1_135' title='bbox 464 2479 548 2552; x_wconf 67' lang='lat' dir='ltr'><strong>quae</strong></span> <span class='ocrx_word' id='word_1_136' title='bbox 575 2463 615 2529; x_wconf 89' lang='lat' dir='ltr'><strong>tu</strong></span> <span class='ocrx_word' id='word_1_137' title='bbox 643 2457 836 2552; x_wconf 88' lang='lat' dir='ltr'><strong>concepisti</strong></span> <span class='ocrx_word' id='word_1_138' title='bbox 863 2458 958 2531; x_wconf 91' lang='lat' dir='ltr'><strong>scire</strong></span> <span class='ocrx_word' id='word_1_139' title='bbox 982 2458 1019 2530; x_wconf 95' lang='lat' dir='ltr'><strong>in</strong></span> <span class='ocrx_word' id='word_1_140' title='bbox 1045 2458 1113 2531; x_wconf 90' lang='lat' dir='ltr'><strong>ista</strong></span> <span class='ocrx_word' id='word_1_141' title='bbox 1139 2479 1244 2552; x_wconf 88' lang='lat' dir='ltr'><strong>spera</strong></span> <span class='ocrx_word' id='word_1_142' title='bbox 1271 2458 1439 2551; x_wconf 79' lang='lat' dir='ltr'><strong>Veneris,</strong></span> <span class='ocrx_word' id='word_1_143' title='bbox 1456 2459 1502 2532; x_wconf 93' lang='lat' dir='ltr'><strong>de</strong></span> <span class='ocrx_word' id='word_1_144' title='bbox 1521 2458 1637 2531; x_wconf 91' lang='lat' dir='ltr'><strong>tribus</strong></span> 
     </span>
     <span class='ocr_line' id='line_1_18' title="bbox 463 2576 1703 2671; baseline -0.002 -20"><span class='ocrx_word' id='word_1_145' title='bbox 463 2577 559 2653; x_wconf 91' lang='lat' dir='ltr'><strong>enim</strong></span> <span class='ocrx_word' id='word_1_146' title='bbox 588 2576 781 2650; x_wconf 90' lang='lat' dir='ltr'><strong>animabus</strong></span> <span class='ocrx_word' id='word_1_147' title='bbox 801 2577 879 2671; x_wconf 77' lang='lat' dir='ltr'><strong>Jam</strong></span> <span class='ocrx_word' id='word_1_148' title='bbox 907 2577 1050 2671; x_wconf 87' lang='lat' dir='ltr'><strong>scivisti,</strong></span> <span class='ocrx_word' id='word_1_149' title='bbox 1084 2599 1183 2652; x_wconf 91' lang='lat' dir='ltr'><strong>nunc</strong></span> <span class='ocrx_word' id='word_1_150' title='bbox 1217 2584 1330 2652; x_wconf 89' lang='lat' dir='ltr'><strong>restat</strong></span> <span class='ocrx_word' id='word_1_151' title='bbox 1360 2579 1454 2652; x_wconf 90' lang='lat' dir='ltr'><strong>scire</strong></span> <span class='ocrx_word' id='word_1_152' title='bbox 1484 2578 1530 2651; x_wconf 91' lang='lat' dir='ltr'><strong>de</strong></span> <span class='ocrx_word' id='word_1_153' title='bbox 1564 2596 1638 2649; x_wconf 93' lang='lat' dir='ltr'><strong>una</strong></span> <span class='ocrx_word' id='word_1_154' title='bbox 1700 2623 1703 2628; x_wconf 56' lang='lat'>&lt;</span> 
     </span>
     <span class='ocr_line' id='line_1_19' title="bbox 462 2695 1637 2791; baseline -0.002 -21"><span class='ocrx_word' id='word_1_155' title='bbox 462 2704 605 2791; x_wconf 86' lang='lat' dir='ltr'><strong>quarta.</strong></span> <span class='ocrx_word' id='word_1_156' title='bbox 639 2696 739 2770; x_wconf 91' lang='lat' dir='ltr'><strong>Unde</strong></span> <span class='ocrx_word' id='word_1_157' title='bbox 770 2697 913 2769; x_wconf 87' lang='lat' dir='ltr'><strong>subdit:</strong></span> <span class='ocrx_word' id='word_1_158' title='bbox 941 2703 975 2769; x_wconf 85' lang='lat' dir='ltr'><strong>tu</strong></span> <span class='ocrx_word' id='word_1_159' title='bbox 1005 2701 1086 2770; x_wconf 84' lang='lat' dir='ltr'><strong>vuoi</strong></span> <span class='ocrx_word' id='word_1_160' title='bbox 1110 2720 1216 2790; x_wconf 85' lang='lat' dir='ltr'><strong>saper</strong></span> <span class='ocrx_word' id='word_1_161' title='bbox 1240 2701 1294 2770; x_wconf 75' lang='lat' dir='ltr'><strong>clxi</strong></span> <span class='ocrx_word' id='word_1_162' title='bbox 1326 2695 1410 2772; x_wconf 75' lang='lat' dir='ltr'><strong>e&#39;in</strong></span> <span class='ocrx_word' id='word_1_163' title='bbox 1435 2705 1554 2788; x_wconf 82' lang='lat' dir='ltr'><strong>questu</strong></span> <span class='ocrx_word' id='word_1_164' title='bbox 1584 2699 1637 2768; x_wconf 85' lang='lat' dir='ltr'><strong>lu-</strong></span> 
     </span>
     <span class='ocr_line' id='line_1_20' title="bbox 462 2817 1637 2911; baseline -0.003 -19"><span class='ocrx_word' id='word_1_165' title='bbox 462 2824 588 2911; x_wconf 82' lang='lat' dir='ltr'><strong>micrn,</strong></span> <span class='ocrx_word' id='word_1_166' title='bbox 608 2818 710 2910; x_wconf 89' lang='lat' dir='ltr'><strong>idest,</strong></span> <span class='ocrx_word' id='word_1_167' title='bbox 729 2825 885 2910; x_wconf 78' lang='lat' dir='ltr'><strong>quaeest</strong></span> <span class='ocrx_word' id='word_1_168' title='bbox 911 2817 979 2891; x_wconf 90' lang='lat' dir='ltr'><strong>ista</strong></span> <span class='ocrx_word' id='word_1_169' title='bbox 1005 2819 1128 2891; x_wconf 91' lang='lat' dir='ltr'><strong>anima</strong></span> <span class='ocrx_word' id='word_1_170' title='bbox 1147 2839 1230 2911; x_wconf 81' lang='lat' dir='ltr'><strong>quae</strong></span> <span class='ocrx_word' id='word_1_171' title='bbox 1256 2819 1364 2892; x_wconf 88' lang='lat' dir='ltr'><strong>estin</strong></span> <span class='ocrx_word' id='word_1_172' title='bbox 1392 2819 1457 2892; x_wconf 86' lang='lat' dir='ltr'><strong>ista</strong></span> <span class='ocrx_word' id='word_1_173' title='bbox 1476 2819 1559 2890; x_wconf 88' lang='lat' dir='ltr'><strong>luce</strong></span> <span class='ocrx_word' id='word_1_174' title='bbox 1577 2817 1637 2889; x_wconf 89' lang='lat' dir='ltr'><strong>lu-</strong></span> 
     </span>
     <span class='ocr_line' id='line_1_21' title="bbox 462 2929 1638 3033; baseline -0.003 -20"><span class='ocrx_word' id='word_1_175' title='bbox 462 2941 615 3033; x_wconf 90' lang='lat' dir='ltr'><strong>minosa,</strong></span> <span class='ocrx_word' id='word_1_176' title='bbox 641 2940 700 3010; x_wconf 85' lang='lat' dir='ltr'><strong>cle</strong></span> <span class='ocrx_word' id='word_1_177' title='bbox 725 2929 795 3010; x_wconf 85' lang='lat' dir='ltr'><strong>cosi</strong></span> <span class='ocrx_word' id='word_1_178' title='bbox 814 2940 974 3030; x_wconf 79' lang='lat' dir='ltr'><strong>scintilla,</strong></span> <span class='ocrx_word' id='word_1_179' title='bbox 993 2937 1094 3032; x_wconf 91' lang='lat' dir='ltr'><strong>idest,</strong></span> <span class='ocrx_word' id='word_1_180' title='bbox 1114 2939 1288 3032; x_wconf 87' lang='lat' dir='ltr'><strong>splendet,</strong></span> <span class='ocrx_word' id='word_1_181' title='bbox 1306 2943 1366 3029; x_wconf 83' lang='lat' dir='ltr'><strong>qui</strong></span> <span class='ocrx_word' id='word_1_182' title='bbox 1385 2959 1553 3030; x_wconf 82' lang='lat' dir='ltr'><strong>oppresso</strong></span> <span class='ocrx_word' id='word_1_183' title='bbox 1571 2957 1638 3027; x_wconf 75' lang='lat' dir='ltr'><strong>nte,</strong></span> 
     </span>
     <span class='ocr_line' id='line_1_22' title="bbox 461 3058 1638 3151; baseline -0.003 -19"><span class='ocrx_word' id='word_1_184' title='bbox 461 3080 484 3133; x_wconf 94' lang='lat' dir='ltr'><strong>a</strong></span> <span class='ocrx_word' id='word_1_185' title='bbox 510 3059 628 3151; x_wconf 88' lang='lat' dir='ltr'><strong>simili,</strong></span> <span class='ocrx_word' id='word_1_186' title='bbox 655 3078 750 3129; x_wconf 79' lang='lat' dir='ltr'><strong>coma</strong></span> <span class='ocrx_word' id='word_1_187' title='bbox 767 3061 895 3147; x_wconf 80' lang='lat' dir='ltr'><strong>rappio</strong></span> <span class='ocrx_word' id='word_1_188' title='bbox 921 3060 958 3130; x_wconf 86' lang='lat' dir='ltr'><strong>di</strong></span> <span class='ocrx_word' id='word_1_189' title='bbox 982 3061 1054 3129; x_wconf 84' lang='lat' dir='ltr'><strong>sole</strong></span> <span class='ocrx_word' id='word_1_190' title='bbox 1070 3061 1108 3129; x_wconf 85' lang='lat' dir='ltr'><strong>in</strong></span> <span class='ocrx_word' id='word_1_191' title='bbox 1125 3078 1238 3149; x_wconf 79' lang='lat' dir='ltr'><strong>acqua</strong></span> <span class='ocrx_word' id='word_1_192' title='bbox 1264 3079 1376 3148; x_wconf 81' lang='lat' dir='ltr'><strong>mera,</strong></span> <span class='ocrx_word' id='word_1_193' title='bbox 1403 3058 1505 3151; x_wconf 89' lang='lat' dir='ltr'><strong>idest,</strong></span> <span class='ocrx_word' id='word_1_194' title='bbox 1532 3077 1638 3151; x_wconf 92' lang='lat' dir='ltr'><strong>pura,</strong></span> 
     </span>
     <span class='ocr_line' id='line_1_23' title="bbox 463 3177 1637 3271; baseline -0.005 -19"><span class='ocrx_word' id='word_1_195' title='bbox 463 3178 640 3252; x_wconf 88' lang='lat' dir='ltr'><strong>scintillat.</strong></span> <span class='ocrx_word' id='word_1_196' title='bbox 652 3219 702 3231; x_wconf 99' lang='lat'>—</span> <span class='ocrx_word' id='word_1_197' title='bbox 719 3182 770 3250; x_wconf 83' lang='lat' dir='ltr'><strong>Or</strong></span> <span class='ocrx_word' id='word_1_198' title='bbox 786 3181 897 3268; x_wconf 82' lang='lat' dir='ltr'><strong>sappi.</strong></span> <span class='ocrx_word' id='word_1_199' title='bbox 913 3177 978 3250; x_wconf 92' lang='lat' dir='ltr'><strong>Hic</strong></span> <span class='ocrx_word' id='word_1_200' title='bbox 991 3177 1133 3251; x_wconf 91' lang='lat' dir='ltr'><strong>Cunitia</strong></span> <span class='ocrx_word' id='word_1_201' title='bbox 1148 3177 1319 3271; x_wconf 85' lang='lat' dir='ltr'><strong>exprimit</strong></span> <span class='ocrx_word' id='word_1_202' title='bbox 1333 3178 1448 3271; x_wconf 92' lang='lat' dir='ltr'><strong>ipsam</strong></span> <span class='ocrx_word' id='word_1_203' title='bbox 1462 3178 1637 3252; x_wconf 90' lang='lat' dir='ltr'><strong>animam.</strong></span> 
     </span>
     <span class='ocr_line' id='line_1_24' title="bbox 463 3294 1639 3390; baseline -0.003 -20"><span class='ocrx_word' id='word_1_204' title='bbox 463 3297 517 3370; x_wconf 83' lang='lat' dir='ltr'><strong>nd</strong></span> <span class='ocrx_word' id='word_1_205' title='bbox 538 3296 642 3369; x_wconf 86' lang='lat' dir='ltr'><strong>cuius</strong></span> <span class='ocrx_word' id='word_1_206' title='bbox 660 3295 933 3390; x_wconf 85' lang='lat' dir='ltr'><strong>intelligentiam</strong></span> <span class='ocrx_word' id='word_1_207' title='bbox 952 3301 1007 3368; x_wconf 89' lang='lat' dir='ltr'><strong>est</strong></span> <span class='ocrx_word' id='word_1_208' title='bbox 1024 3296 1290 3389; x_wconf 82' lang='lat' dir='ltr'><strong>praesciendum</strong></span> <span class='ocrx_word' id='word_1_209' title='bbox 1310 3297 1419 3389; x_wconf 91' lang='lat' dir='ltr'><strong>quod,</strong></span> <span class='ocrx_word' id='word_1_210' title='bbox 1439 3296 1532 3369; x_wconf 90' lang='lat' dir='ltr'><strong>sicut</strong></span> <span class='ocrx_word' id='word_1_211' title='bbox 1549 3294 1639 3368; x_wconf 91' lang='lat' dir='ltr'><strong>scri-</strong></span> 
     </span>
     <span class='ocr_line' id='line_1_25' title="bbox 463 3414 1636 3509; baseline -0.005 -19"><span class='ocrx_word' id='word_1_212' title='bbox 463 3417 563 3490; x_wconf 87' lang='lat' dir='ltr'><strong>bitur</strong></span> <span class='ocrx_word' id='word_1_213' title='bbox 581 3417 690 3488; x_wconf 89' lang='lat' dir='ltr'><strong>Josue</strong></span> <span class='ocrx_word' id='word_1_214' title='bbox 706 3414 743 3486; x_wconf 95' lang='lat' dir='ltr'><strong>in</strong></span> <span class='ocrx_word' id='word_1_215' title='bbox 762 3414 887 3508; x_wconf 93' lang='lat' dir='ltr'><strong>primis</strong></span> <span class='ocrx_word' id='word_1_216' title='bbox 901 3435 965 3487; x_wconf 94' lang='lat' dir='ltr'><strong>sex</strong></span> <span class='ocrx_word' id='word_1_217' title='bbox 978 3416 1156 3508; x_wconf 89' lang='lat' dir='ltr'><strong>capitulis,</strong></span> <span class='ocrx_word' id='word_1_218' title='bbox 1170 3436 1257 3488; x_wconf 91' lang='lat' dir='ltr'><strong>cum</strong></span> <span class='ocrx_word' id='word_1_219' title='bbox 1276 3417 1387 3488; x_wconf 89' lang='lat' dir='ltr'><strong>losue</strong></span> <span class='ocrx_word' id='word_1_220' title='bbox 1406 3419 1636 3509; x_wconf 83' lang='lat' dir='ltr'><strong>expugnaret</strong></span> 
     </span>
     <span class='ocr_line' id='line_1_26' title="bbox 463 3527 1638 3627; baseline -0.003 -19"><span class='ocrx_word' id='word_1_221' title='bbox 463 3543 581 3610; x_wconf 88' lang='lat' dir='ltr'><strong>terras</strong></span> <span class='ocrx_word' id='word_1_222' title='bbox 607 3532 853 3627; x_wconf 89' lang='lat' dir='ltr'><strong>promissionis</strong></span> <span class='ocrx_word' id='word_1_223' title='bbox 879 3539 947 3606; x_wconf 88' lang='lat' dir='ltr'><strong>etc.</strong></span> <span class='ocrx_word' id='word_1_224' title='bbox 975 3527 1079 3608; x_wconf 90' lang='lat' dir='ltr'><strong>Nunc</strong></span> <span class='ocrx_word' id='word_1_225' title='bbox 1104 3535 1151 3609; x_wconf 92' lang='lat' dir='ltr'><strong>ad</strong></span> <span class='ocrx_word' id='word_1_226' title='bbox 1177 3534 1320 3608; x_wconf 90' lang='lat' dir='ltr'><strong>literam</strong></span> <span class='ocrx_word' id='word_1_227' title='bbox 1353 3534 1438 3607; x_wconf 88' lang='lat' dir='ltr'><strong>dicit</strong></span> <span class='ocrx_word' id='word_1_228' title='bbox 1469 3534 1553 3606; x_wconf 89' lang='lat' dir='ltr'><strong>ista:</strong></span> <span class='ocrx_word' id='word_1_229' title='bbox 1586 3536 1638 3604; x_wconf 83' lang='lat' dir='ltr'><strong>Or</strong></span> 
     </span>
     <span class='ocr_line' id='line_1_27' title="bbox 463 3643 1633 3746; baseline -0.004 -19"><span class='ocrx_word' id='word_1_230' title='bbox 463 3659 565 3746; x_wconf 84' lang='lat' dir='ltr'><strong>sappi</strong></span> <span class='ocrx_word' id='word_1_231' title='bbox 589 3655 649 3725; x_wconf 82' lang='lat' dir='ltr'><strong>cbo</strong></span> <span class='ocrx_word' id='word_1_232' title='bbox 675 3653 830 3725; x_wconf 85' lang='lat' dir='ltr'><strong>Roabsi</strong></span> <span class='ocrx_word' id='word_1_233' title='bbox 861 3656 1062 3746; x_wconf 83' lang='lat' dir='ltr'><strong>tranquillo,</strong></span> <span class='ocrx_word' id='word_1_234' title='bbox 1090 3653 1191 3746; x_wconf 91' lang='lat' dir='ltr'><strong>idest,</strong></span> <span class='ocrx_word' id='word_1_235' title='bbox 1224 3653 1430 3745; x_wconf 89' lang='lat' dir='ltr'><strong>requiescit,</strong></span> <span class='ocrx_word' id='word_1_236' title='bbox 1458 3643 1494 3724; x_wconf 89' lang='lat' dir='ltr'><strong>ld</strong></span> <span class='ocrx_word' id='word_1_237' title='bbox 1519 3658 1633 3740; x_wconf 72' lang='lat' dir='ltr'><strong>enno,</strong></span> 
     </span>
     <span class='ocr_line' id='line_1_28' title="bbox 463 3770 1638 3866; baseline -0.006 -18"><span class='ocrx_word' id='word_1_238' title='bbox 463 3776 566 3866; x_wconf 87' lang='lat' dir='ltr'><strong>idest,</strong></span> <span class='ocrx_word' id='word_1_239' title='bbox 592 3776 686 3849; x_wconf 89' lang='lat' dir='ltr'><strong>intra</strong></span> <span class='ocrx_word' id='word_1_240' title='bbox 713 3773 800 3847; x_wconf 93' lang='lat' dir='ltr'><strong>illud</strong></span> <span class='ocrx_word' id='word_1_241' title='bbox 826 3773 1020 3866; x_wconf 90' lang='lat' dir='ltr'><strong>luminare,</strong></span> <span class='ocrx_word' id='word_1_242' title='bbox 1038 3796 1056 3846; x_wconf 89' lang='lat' dir='ltr'><strong><em>e</em></strong></span> <span class='ocrx_word' id='word_1_243' title='bbox 1072 3776 1258 3863; x_wconf 75' lang='lat' dir='ltr'><strong>conploratu</strong></span> <span class='ocrx_word' id='word_1_244' title='bbox 1276 3794 1300 3844; x_wconf 88' lang='lat' dir='ltr'><strong>o</strong></span> <span class='ocrx_word' id='word_1_245' title='bbox 1317 3775 1426 3845; x_wconf 85' lang='lat' dir='ltr'><strong>noslr’</strong></span> <span class='ocrx_word' id='word_1_246' title='bbox 1440 3773 1579 3861; x_wconf 84' lang='lat' dir='ltr'><strong>ordine,</strong></span> <span class='ocrx_word' id='word_1_247' title='bbox 1602 3770 1638 3842; x_wconf 94' lang='lat' dir='ltr'><strong>in</strong></span> 
     </span>
     <span class='ocr_line' id='line_1_29' title="bbox 463 3893 1637 3989; baseline -0.006 -20"><span class='ocrx_word' id='word_1_248' title='bbox 463 3897 530 3970; x_wconf 88' lang='lat' dir='ltr'><strong>ista</strong></span> <span class='ocrx_word' id='word_1_249' title='bbox 555 3917 660 3989; x_wconf 89' lang='lat' dir='ltr'><strong>spera</strong></span> <span class='ocrx_word' id='word_1_250' title='bbox 679 3915 938 3988; x_wconf 90' lang='lat' dir='ltr'><strong>venereorum,</strong></span> <span class='ocrx_word' id='word_1_251' title='bbox 964 3897 1002 3966; x_wconf 83' lang='lat' dir='ltr'><strong>di</strong></span> <span class='ocrx_word' id='word_1_252' title='bbox 1020 3898 1064 3966; x_wconf 85' lang='lat' dir='ltr'><strong>lei</strong></span> <span class='ocrx_word' id='word_1_253' title='bbox 1088 3897 1119 3966; x_wconf 84' lang='lat' dir='ltr'><strong>si</strong></span> <span class='ocrx_word' id='word_1_254' title='bbox 1142 3896 1258 3983; x_wconf 76' lang='lat' dir='ltr'><strong>sigillo</strong></span> <span class='ocrx_word' id='word_1_255' title='bbox 1275 3897 1332 3965; x_wconf 84' lang='lat' dir='ltr'><strong>nel</strong></span> <span class='ocrx_word' id='word_1_256' title='bbox 1346 3914 1480 3965; x_wconf 83' lang='lat' dir='ltr'><strong>sommo</strong></span> <span class='ocrx_word' id='word_1_257' title='bbox 1506 3893 1637 3982; x_wconf 81' lang='lat' dir='ltr'><strong>prado,</strong></span> 
     </span>
     <span class='ocr_line' id='line_1_30' title="bbox 463 4013 1737 4112; baseline -0.007 -21"><span class='ocrx_word' id='word_1_258' title='bbox 463 4017 567 4107; x_wconf 89' lang='lat' dir='ltr'><strong>idest,</strong></span> <span class='ocrx_word' id='word_1_259' title='bbox 581 4016 685 4089; x_wconf 92' lang='lat' dir='ltr'><strong>cuius</strong></span> <span class='ocrx_word' id='word_1_260' title='bbox 704 4016 826 4112; x_wconf 89' lang='lat' dir='ltr'><strong>imago</strong></span> <span class='ocrx_word' id='word_1_261' title='bbox 843 4019 994 4109; x_wconf 89' lang='lat' dir='ltr'><strong>apparet</strong></span> <span class='ocrx_word' id='word_1_262' title='bbox 1011 4014 1047 4086; x_wconf 96' lang='lat' dir='ltr'><strong>in</strong></span> <span class='ocrx_word' id='word_1_263' title='bbox 1066 4033 1240 4107; x_wconf 89' lang='lat' dir='ltr'><strong>supremo</strong></span> <span class='ocrx_word' id='word_1_264' title='bbox 1257 4013 1373 4108; x_wconf 89' lang='lat' dir='ltr'><strong>gradu</strong></span> <span class='ocrx_word' id='word_1_265' title='bbox 1390 4013 1492 4086; x_wconf 92' lang='lat' dir='ltr'><strong>istius</strong></span> <span class='ocrx_word' id='word_1_266' title='bbox 1509 4032 1638 4106; x_wconf 81' lang='lat' dir='ltr'><strong>sperae,</strong></span> <span class='ocrx_word' id='word_1_267' title='bbox 1735 4032 1737 4035; x_wconf 88' lang='lat'>·</span> 
     </span>
     <span class='ocr_line' id='line_1_31' title="bbox 466 4130 1638 4228; baseline -0.007 -18"><span class='ocrx_word' id='word_1_268' title='bbox 466 4137 571 4210; x_wconf 87' lang='lat' dir='ltr'><strong>cuius</strong></span> <span class='ocrx_word' id='word_1_269' title='bbox 590 4135 775 4208; x_wconf 89' lang='lat' dir='ltr'><strong>iullnentia</strong></span> <span class='ocrx_word' id='word_1_270' title='bbox 793 4135 869 4228; x_wconf 91' lang='lat' dir='ltr'><strong>ipsa</strong></span> <span class='ocrx_word' id='word_1_271' title='bbox 888 4134 1064 4227; x_wconf 92' lang='lat' dir='ltr'><strong>impressa</strong></span> <span class='ocrx_word' id='word_1_272' title='bbox 1082 4133 1159 4205; x_wconf 87' lang='lat' dir='ltr'><strong>luit.</strong></span> <span class='ocrx_word' id='word_1_273' title='bbox 1174 4173 1224 4185; x_wconf 99' lang='lat'>—</span> <span class='ocrx_word' id='word_1_274' title='bbox 1236 4138 1294 4204; x_wconf 88' lang='lat' dir='ltr'><strong>Da</strong></span> <span class='ocrx_word' id='word_1_275' title='bbox 1320 4139 1447 4222; x_wconf 83' lang='lat' dir='ltr'><strong>questo.</strong></span> <span class='ocrx_word' id='word_1_276' title='bbox 1474 4132 1538 4206; x_wconf 88' lang='lat' dir='ltr'><strong>Hic</strong></span> <span class='ocrx_word' id='word_1_277' title='bbox 1564 4130 1638 4204; x_wconf 84' lang='lat' dir='ltr'><strong>Cu-</strong></span> 
     </span>
    </p>
   </div>
   <div class='ocr_carea' id='block_1_3' title="bbox 465 4243 1639 4350">
    <p class='ocr_par' dir='ltr' id='par_1_4' title="bbox 465 4243 1639 4350">
     <span class='ocr_line' id='line_1_32' title="bbox 465 4243 1639 4350; baseline -0.009 -21"><span class='ocrx_word' id='word_1_278' title='bbox 465 4256 551 4329; x_wconf 92' lang='lat' dir='ltr'><strong>nitia</strong></span> <span class='ocrx_word' id='word_1_279' title='bbox 578 4255 736 4350; x_wconf 89' lang='lat' dir='ltr'><strong>assignat</strong></span> <span class='ocrx_word' id='word_1_280' title='bbox 763 4260 886 4329; x_wconf 88' lang='lat' dir='ltr'><strong>tamen</strong></span> <span class='ocrx_word' id='word_1_281' title='bbox 903 4243 939 4346; x_wconf 70' lang='lat'><strong>(¹³)</strong></span> <span class='ocrx_word' id='word_1_282' title='bbox 965 4273 1084 4347; x_wconf 90' lang='lat' dir='ltr'><strong>quare</strong></span> <span class='ocrx_word' id='word_1_283' title='bbox 1108 4253 1174 4326; x_wconf 85' lang='lat' dir='ltr'><strong>ista</strong></span> <span class='ocrx_word' id='word_1_284' title='bbox 1198 4252 1331 4326; x_wconf 91' lang='lat' dir='ltr'><strong>mulier</strong></span> <span class='ocrx_word' id='word_1_285' title='bbox 1350 4260 1422 4324; x_wconf 88' lang='lat' dir='ltr'><strong>tam</strong></span> <span class='ocrx_word' id='word_1_286' title='bbox 1442 4250 1584 4324; x_wconf 92' lang='lat' dir='ltr'><strong>lubrica</strong></span> <span class='ocrx_word' id='word_1_287' title='bbox 1603 4254 1639 4323; x_wconf 89' lang='lat' dir='ltr'><strong>et</strong></span> 
     </span>
    </p>
   </div>
   <div class='ocr_carea' id='block_1_4' title="bbox 524 4480 1621 4704">
    <p class='ocr_par' dir='ltr' id='par_1_5' title="bbox 524 4480 1621 4704">
     <span class='ocr_line' id='line_1_33' title="bbox 524 4480 1621 4549; baseline -0.015 -3"><span class='ocrx_word' id='word_1_288' title='bbox 524 4485 551 4548; x_wconf 79' lang='lat'><strong>(¹)</strong></span> <span class='ocrx_word' id='word_1_289' title='bbox 570 4487 598 4535; x_wconf 83' lang='lat' dir='ltr'><strong>E·</strong></span> <span class='ocrx_word' id='word_1_290' title='bbox 615 4487 741 4549; x_wconf 79' lang='lat' dir='ltr'><strong>expositio</strong></span> <span class='ocrx_word' id='word_1_291' title='bbox 757 4486 869 4535; x_wconf 71' lang='lat' dir='ltr'><strong>mcunda</strong></span> <span class='ocrx_word' id='word_1_292' title='bbox 886 4499 947 4535; x_wconf 90' lang='lat' dir='ltr'><strong>non.</strong></span> <span class='ocrx_word' id='word_1_293' title='bbox 1063 4482 1090 4544; x_wconf 84' lang='lat'><strong>(¹)</strong></span> <span class='ocrx_word' id='word_1_294' title='bbox 1107 4483 1137 4532; x_wconf 87' lang='lat' dir='ltr'><strong>E.</strong></span> <span class='ocrx_word' id='word_1_295' title='bbox 1155 4483 1257 4533; x_wconf 81' lang='lat' dir='ltr'><strong>ridetur</strong></span> <span class='ocrx_word' id='word_1_296' title='bbox 1274 4482 1356 4533; x_wconf 73' lang='lat' dir='ltr'><strong>litere</strong></span> <span class='ocrx_word' id='word_1_297' title='bbox 1372 4495 1493 4542; x_wconf 83' lang='lat' dir='ltr'><strong>consona,</strong></span> <span class='ocrx_word' id='word_1_298' title='bbox 1510 4484 1537 4530; x_wconf 84' lang='lat' dir='ltr'><strong>et</strong></span> <span class='ocrx_word' id='word_1_299' title='bbox 1554 4480 1621 4542; x_wconf 80' lang='lat' dir='ltr'><strong>plus.</strong></span> 
     </span>
     <span class='ocr_line' id='line_1_34' title="bbox 527 4562 1086 4628; baseline -0.005 -15"><span class='ocrx_word' id='word_1_300' title='bbox 527 4565 553 4624; x_wconf 81' lang='lat'><strong>(¹)</strong></span> <span class='ocrx_word' id='word_1_301' title='bbox 571 4565 600 4613; x_wconf 86' lang='lat' dir='ltr'><strong>ll.</strong></span> <span class='ocrx_word' id='word_1_302' title='bbox 617 4565 743 4628; x_wconf 83' lang='lat' dir='ltr'><strong>generalis</strong></span> <span class='ocrx_word' id='word_1_303' title='bbox 760 4565 837 4613; x_wconf 89' lang='lat' dir='ltr'><strong>buius</strong></span> <span class='ocrx_word' id='word_1_304' title='bbox 854 4562 968 4624; x_wconf 86' lang='lat' dir='ltr'><strong>capituli,</strong></span> <span class='ocrx_word' id='word_1_305' title='bbox 985 4563 1011 4611; x_wconf 93' lang='lat' dir='ltr'><strong>in</strong></span> <span class='ocrx_word' id='word_1_306' title='bbox 1027 4573 1086 4625; x_wconf 85' lang='lat' dir='ltr'><strong>qua.</strong></span> 
     </span>
     <span class='ocr_line' id='line_1_35' title="bbox 528 4640 931 4704; baseline -0.01 -12"><span class='ocrx_word' id='word_1_307' title='bbox 528 4640 555 4704; x_wconf 75' lang='lat'><strong>(⁸)</strong></span> <span class='ocrx_word' id='word_1_308' title='bbox 572 4641 602 4691; x_wconf 87' lang='lat' dir='ltr'><strong>E.</strong></span> <span class='ocrx_word' id='word_1_309' title='bbox 620 4647 706 4691; x_wconf 85' lang='lat' dir='ltr'><strong>tamen</strong></span> <span class='ocrx_word' id='word_1_310' title='bbox 722 4653 826 4690; x_wconf 79' lang='lat' dir='ltr'><strong>caueam</strong></span> <span class='ocrx_word' id='word_1_311' title='bbox 842 4652 931 4703; x_wconf 83' lang='lat' dir='ltr'><strong>quare.</strong></span> 
     </span>
    </p>
   </div>
   <div class='ocr_carea' id='block_1_5' title="bbox 0 0 1878 5680">
    <p class='ocr_par' dir='ltr' id='par_1_6' title="bbox 0 0 1878 5680">
     <span class='ocr_line' id='line_1_36' title="bbox 0 0 1878 5680; baseline 0 0"><span class='ocrx_word' id='word_1_312' title='bbox 0 0 1878 5680; x_wconf 95' lang='lat' dir='ltr'><strong> </strong></span> 
     </span>
    </p>
   </div>
  </div>
 </body>
</html>
