3746 5680
671 513 810 568 CANTUS
835 516 964 570 NONUS.
1359 507 1401 571 17

230 657 315 750 quia
341 656 507 730 lllassiliae
532 663 617 729 sunt
641 657 891 734 famosissimae
908 653 944 751 (¹)
973 659 1158 735 mulieres.
1185 662 1267 735 Fuit
1291 661 1405 755 siqui-

229 777 313 850 dem
348 775 483 849 Fulcus
516 775 584 850 iste
615 777 744 870 pulcer
774 799 945 872 corpore,
981 779 1106 875 lingua
1137 781 1310 875 disertus,
1341 801 1405 876 pe-

230 897 339 971 cunia
356 895 546 989 'liberalis3
578 916 668 992 ergo
703 917 793 971 vere
828 918 1020 973 venereus.
1054 899 1247 976 adamarit
1279 909 1405 975 autern

231 1016 442 1112 Adalagiam
476 1036 632 1090 uxorem
659 1017 814 1111 Baralis3
846 1024 883 1092 et
916 1026 959 1092 ut
989 1020 1106 1114 magis
1131 1027 1274 1116 tegeret
1298 1042 1405 1094 suam

231 1137 391 1229 culpam,
410 1135 605 1210 simulabat
623 1156 662 1211 se
679 1136 831 1232 diligere
856 1137 948 1211 duas
969 1159 1116 1213 sorores
1139 1140 1237 1214 eius:
1256 1147 1404 1235 propter
1439 1125 1444 1141 ’

231 1255 331 1348 quod
363 1255 481 1329 lactus
513 1262 703 1350 suspectus
735 1256 803 1330 luit
838 1257 1044 1332 licentiatus
1072 1260 1120 1332 ab
1152 1260 1223 1334 illo.
1262 1263 1405 1335 Mortua

231 1394 352 1448 uxore
382 1376 520 1449 Baralis
550 1375 822 1450 amarissimum
841 1369 876 1468 (¹)
909 1378 1074 1452 dolorem
1105 1380 1280 1474 concepit,
1312 1381 1406 1454 sicut

230 1495 318 1569 olim
357 1496 493 1571 Dantes
529 1497 576 1571 de
614 1503 736 1570 morte
774 1517 851 1570 suae
889 1499 1083 1572 Beatricis:
1111 1506 1147 1573 et
1176 1501 1354 1576 dedicavit
1367 1491 1405 1592 (³)

230 1635 271 1689 se
296 1635 383 1688 cum
413 1636 533 1690 uxore
559 1623 597 1689 et
621 1615 768 1689 duobus
802 1617 883 1690 liliis
908 1618 955 1692 ad
987 1620 1250 1694 monasterium
1278 1622 1406 1694 cister-

232 1735 362 1810 ciense.
391 1736 521 1810 Postea
547 1736 663 1810 lactus
690 1735 759 1808 luit
784 1737 898 1811 abbas
923 1738 1128 1832 Torrinelli;
1155 1739 1306 1813 demum
1329 1740 1407 1835 epi-

219 1876 363 1952 scopus
381 1855 624 1949 massiliensis,
643 1855 688 1930 de
706 1876 780 1949 qua
798 1857 938 1949 expulit
958 1857 1159 1933 haereticos.
1175 1860 1218 1931 Et
1238 1859 1289 1932 sic
1310 1859 1403 1951 vide,

232 1974 332 2067 quod
357 1981 506 2070 propter
532 1975 647 2047 multa
673 1981 783 2049 autor
809 1974 892 2048 iecit
922 1975 1146 2071 singularem
1170 1978 1403 2051 mentionem

232 2101 269 2168 et
281 2094 639 2169 commendationem
658 2095 705 2169 de
722 2095 791 2168 istu
809 2094 932 2169 Fulco.
951 2097 1057 2168 Nunc
1074 2116 1164 2192 ergo
1185 2096 1232 2170 ad
1250 2097 1406 2189 literam,

232 2215 317 2289 dicit
335 2215 424 2290 iste:
451 2216 572 2302 Oualla
587 2223 699 2306 pecc,
718 2237 741 2287 a
759 2220 815 2288 cui
827 2219 868 2308 su
885 2223 967 2288 nolo
984 2219 1011 2288 ll
1026 2237 1127 2288 nome
1144 2219 1227 2307 mio,
1249 2219 1297 2289 mi
1316 2219 1407 2290 disse

233 2339 352 2427 Folco,
377 2341 414 2409 et
444 2333 566 2408 subdit
590 2356 697 2409 suam
730 2336 1037 2430 complexionem,
1069 2337 1215 2411 dicens:
1247 2359 1265 2409 c
1294 2343 1410 2428 questo

233 2460 330 2548 ciclo,
359 2455 462 2549 idest,
488 2475 595 2550 spera
622 2455 787 2548 Veneris,
808 2458 1036 2547 s't'mprcnto,
1056 2457 1146 2530 idest
1171 2457 1405 2552 imprimitur,

235 2580 272 2649 dl
297 2597 362 2665 me,
385 2578 519 2648 com'lo
542 2579 591 2668 sel
615 2577 654 2648 di
679 2578 746 2667 lui,·
772 2576 876 2668 quasi
902 2576 1021 2650 dicat:
1048 2577 1098 2650 ita
1123 2583 1274 2672 apparet
1300 2577 1336 2650 in
1362 2597 1408 2652 eo
1469 2651 1472 2655 .

237 2717 320 2770 mea
345 2689 480 2790 imago,
497 2693 592 2767 sicut
616 2694 786 2789 apparuit
812 2695 849 2766 in
875 2715 936 2769 me
962 2696 1042 2769 eius
1067 2696 1274 2789 influentia5
1302 2695 1406 2789 quasi

235 2818 349 2892 dicat:
386 2815 472 2908 quia
507 2814 558 2887 fui
595 2821 694 2888 totns
726 2815 821 2888 lilius
853 2814 1018 2909 Veneris,
1054 2816 1135 2890 ideo
1171 2816 1228 2889 hic
1257 2821 1409 2908 apparet

237 2937 371 3010 umbra
404 2927 646 3009 mea—one*
670 2929 742 3026 pid.
775 2935 840 3007 Hic
871 2935 1006 3008 Fulcus
1038 2935 1195 3028 explicat
1227 2940 1409 3027 quantum

237 3054 423 3129 influentia
450 3053 600 3128 Veneris
617 3053 778 3147 potuerit
795 3053 832 3127 in
850 3075 896 3128 eo
914 3054 1096 3149 tangendo
1117 3060 1191 3129 tres
1211 3054 1410 3128 immensos
1472 3040 1476 3049 ’

234 3194 393 3248 amores.
413 3173 457 3246 Et
472 3173 591 3267 primo
609 3179 798 3267 comparat
811 3193 980 3247 amorem
993 3194 1105 3245 suum
1120 3173 1238 3246 amori
1251 3173 1409 3266 Didonis,

237 3313 321 3388 quae
346 3300 489 3368 tantum
520 3293 657 3368 exarsit
688 3313 818 3367 amore
852 3293 973 3386 Eneae,
1000 3293 1099 3386 quud
1131 3293 1192 3368 illo
1218 3294 1412 3368 recedente

236 3433 277 3488 se
302 3413 450 3507 proprio
476 3433 563 3486 ense
596 3412 764 3506 peremit,
797 3411 891 3485 sicut
920 3412 998 3506 jam
1031 3433 1129 3507 saepe
1159 3414 1286 3507 patuit.
1320 3413 1411 3487 Dicit

238 3552 345 3628 ergo:
376 3528 444 3604 Old
466 3534 502 3603 lo
523 3533 624 3622 fiplt'a
655 3534 692 3604 dl
724 3534 821 3621 Belo,
849 3531 952 3625 idest,
983 3531 1073 3605 Dido
1105 3533 1231 3628 regina
1258 3533 1411 3607 Cartha·

237 3651 329 3748 ginis
355 3671 439 3743 quae
464 3650 533 3722 suit
558 3649 631 3723 filia
657 3649 753 3744 regis
779 3649 867 3743 Beli,
893 3657 935 3722 ut
959 3657 1060 3744 patet
1085 3652 1183 3745 apud
1202 3652 1409 3747 Virgilium3

238 3791 306 3844 nec
332 3770 508 3865 intelligas
533 3770 579 3844 de
604 3769 691 3843 Belo
718 3789 807 3864 rege
832 3769 989 3864 Assyriae
1024 3775 1128 3863 patre
1162 3771 1287 3865 magni
1313 3772 1409 3864 Nini;
1436 3798 1437 3802 Ν

238 3910 310 3962 non
335 3885 500 3982 arsapio
525 3892 562 3962 di
587 3910 653 3979 mc,
678 3889 765 3978 lofin
790 3890 849 3960 cde
873 3892 905 3960 si
928 3909 1104 3961 convenae
1127 3892 1168 3961 ol
1185 3893 1280 3980 pelo,
1307 3890 1409 3982 idest,

239 4010 434 4105 usquead
466 4017 612 4104 tempus
642 4029 717 4102 quo
748 4008 842 4102 coepi
872 4028 1081 4100 canescere,
1107 4008 1243 4082 scilicet
1269 4029 1413 4104 amore,

238 4152 350 4225 quam
377 4151 456 4226 ego.
483 4131 528 4202 Et
552 4130 659 4203 dicit:
686 4130 842 4201 amando
868 4136 900 4200 et
924 4149 948 4199 a
973 4131 1106 4218 Sicleo,
1132 4127 1235 4220 idest,
1260 4148 1301 4202 se
1331 4147 1413 4203 mo-

238 4250 367 4324 lestam
393 4249 577 4324 reddendo
604 4249 661 4323 vel
687 4247 906 4342 displicendo
934 4247 1053 4340 primo
1078 4247 1159 4321 rino
1178 4268 1245 4321 suo
1270 4247 1411 4343 Sicheo,

236 4371 284 4446 dc
310 4392 384 4464 quo
410 4370 548 4443 dictum
575 4374 630 4442 est
654 4369 692 4440 in
717 4368 878 4442 lnlerno:
906 4389 924 4440 e
949 4389 1060 4460 ruppe
1083 4371 1163 4460 sede
1188 4371 1227 4441 ol
1250 4391 1351 4442 certer
1376 4372 1414 4443 di

300 4555 328 4617 (¹)
345 4555 375 4605 R
391 4555 591 4605 lonnosissimoe.
780 4552 808 4616 (¹)
824 4559 847 4616 l,
865 4556 1017 4606 maximum.

302 4629 327 4690 l¹l
343 4629 375 4680 Ε.
391 4631 528 4682 molinarii
539 4643 574 4690 sc,
585 4635 690 4681 mortua
701 4643 791 4690 uxore,
804 4643 864 4681 cum
882 4631 983 4681 duobus
998 4631 1057 4682 illlis
1073 4631 1229 4682 monastcrlo
1246 4629 1412 4680 cisterciensi

372 4739 397 4782 V·
