3746 5680
477 433 526 497 lo
866 442 1071 496 consensum
1096 443 1263 495 rnnnmsr

475 587 629 680 tionum,
658 589 801 662 adorno
828 589 856 659 il
882 594 1006 660 nostro
1039 607 1139 676 coro,
1171 585 1274 677 idest,
1306 585 1455 660 decorat
1485 591 1648 659 nostram

474 727 648 781 coronam
668 713 705 781 et
721 706 931 781 societatem
946 707 1153 797 doctorum,
1168 707 1247 796 quel
1259 707 1378 778 Pietro
1392 709 1433 797 so
1449 707 1510 776 cle
1522 709 1649 796 offerre

474 849 498 898 α
515 834 619 899 santo
636 830 749 900 otioso
765 849 829 899 sao
848 834 975 918 tcsoro,
997 826 1099 918 idest,
1114 847 1224 898 suum
1244 825 1444 918 pretiosum
1462 833 1500 900 et
1517 847 1645 900 carum

473 968 577 1042 opus,
603 969 669 1020 con
700 950 736 1018 lo
762 950 951 1039 poneretis.
978 947 1055 1020 Hoc
1081 946 1163 1019 ideo
1189 945 1284 1037 dicit,
1311 946 1398 1038 quia
1425 947 1555 1020 Petrus
1581 947 1648 1020 iste

475 1066 648 1161 magister
672 1066 936 1140 sententiarum
956 1066 991 1139 in
1012 1065 1204 1160 probemio
1222 1065 1278 1137 sui
1305 1065 1385 1137 libri
1407 1064 1515 1139 ollert
1536 1087 1645 1140 suum

471 1186 619 1277 librum,
646 1186 739 1260 sicut
772 1186 997 1280 paupercula
1023 1185 1156 1258 obtulit
1194 1184 1281 1257 olim
1314 1184 1389 1257 duo
1423 1185 1575 1259 minuta.
1604 1185 1647 1256 lit

471 1312 573 1380 certe
598 1306 691 1380 sicut
716 1305 776 1378 illa
801 1305 876 1379 duo
903 1305 1043 1378 minuta
1071 1305 1223 1377 luerunt
1250 1304 1368 1399 magis
1392 1312 1541 1398 accepta
1568 1305 1644 1379 [leo

472 1446 585 1518 quam
606 1445 739 1520 magna
765 1444 922 1498 munera
951 1425 1174 1517 multorum;
1193 1423 1242 1496 ita
1261 1424 1357 1497 istud
1378 1445 1533 1517 parvum
1552 1446 1645 1519 opus

471 1544 538 1617 luit
571 1545 703 1637 carius,
730 1566 842 1638 quam
871 1545 1032 1619 maxima
1065 1544 1250 1617 volumina
1287 1545 1574 1617 multorum-
1595 1550 1645 1618 Lo

470 1669 600 1758 omnio.
627 1666 692 1738 llic
716 1665 873 1740 Thomas
898 1665 1069 1740 describit
1095 1665 1263 1758 quintum
1291 1665 1457 1759 spiritum
1478 1667 1645 1740 eminen-

470 1785 650 1858 tissimum
675 1784 779 1858 dictae
805 1803 962 1877 corouae,
990 1783 1126 1858 scilicet
1151 1785 1399 1876 Salomonem,
1424 1785 1566 1859 dicens:
1594 1791 1644 1858 Lo

469 1908 589 1996 omnm
613 1907 698 1996 loce,
728 1904 829 1998 idest,
855 1905 978 1978 anima
1004 1904 1263 1996 lucentissima,
1281 1907 1341 1977 cde
1358 1901 1379 1978 c*
1394 1901 1454 1997 piri
1480 1907 1568 1979 bello
1586 1915 1644 1978 tro

468 2032 540 2118 noi,
569 2027 709 2100 ratione
736 2025 884 2099 maioris
909 2025 1106 2118 sapientiae,
1132 2029 1233 2116 spiro
1256 2028 1296 2098 di
1316 2028 1383 2098 tote
1403 2047 1519 2116 anaor,
1538 2027 1639 2118 idest,

467 2145 643 2240 spirituali
668 2145 786 2240 gratia
813 2144 889 2236 Dei,
907 2147 967 2216 ode
992 2150 1074 2216 tatto
1091 2147 1117 2215 'l
1140 2147 1269 2216 mondo
1290 2165 1334 2217 ne
1349 2148 1447 2234 polo,
1465 2145 1566 2239 idest,
1585 2145 1640 2220 ai-

468 2264 588 2356 lectat,
615 2255 650 2336 ld
675 2259 734 2352 piri
758 2267 795 2337 di
818 2283 924 2356 saper
951 2267 1094 2354 novelle,
1113 2265 1249 2338 scilicet
1271 2271 1397 2338 utrum
1416 2265 1461 2338 sit
1478 2269 1639 2339 salvatus

469 2383 528 2458 vel
554 2384 767 2476 damnatus3
793 2384 962 2458 doctores
987 2385 1084 2458 enim
1113 2386 1270 2458 multum
1297 2385 1502 2479 discrepant
1527 2387 1572 2459 de
1598 2407 1644 2460 eo

469 2503 506 2575 in
523 2503 710 2576 sententiis
727 2511 764 2576 et
780 2503 1011 2597 opinionibus
1028 2504 1114 2576 suis.
1134 2504 1186 2577 Ad
1205 2503 1305 2597 quod
1323 2504 1522 2578 notandum
1543 2505 1641 2598 quod

465 2622 577 2715 aliqui
603 2622 770 2697 doctores
796 2631 936 2716 ponunt
956 2623 1190 2698 Salomonem
1210 2624 1353 2697 salvum
1373 2631 1442 2698 etc.
1462 2625 1505 2698 Et
1522 2624 1643 2698 subdit

466 2737 603 2836 quial¹l
631 2743 698 2816 iste
723 2743 870 2837 spiritus
904 2743 948 2816 sit
979 2744 1142 2838 pulcrior
1174 2753 1211 2819 et
1241 2743 1459 2818 eminentior
1486 2744 1640 2836 caeteris,

464 2861 611 2936 dicens:
643 2856 731 2935 o’si
758 2866 941 2955 prosondo
964 2883 1101 2953 saone,
1131 2862 1234 2952 idest,
1260 2869 1336 2936 tam
1370 2863 1551 2956 protunda
1581 2883 1642 2937 sa-

467 2982 613 3075 pientia,
637 2985 678 3075 so
703 3004 818 3056 messa
843 2986 921 3056 nelt'
935 2985 1009 3055 alra
1038 2990 1162 3071 meam,
1188 2983 1292 3073 idest,
1318 2983 1520 3057 excellente
1546 2983 1639 3056 illius

467 3101 683 3194 Salomonis,
704 3106 763 3175 cbo
783 3123 807 3174 o
829 3105 933 3176 aeder
954 3109 1063 3192 moto,
1083 3102 1173 3176 idest
1195 3108 1334 3175 tantam
1352 3103 1634 3197 profunditatem

465 3222 663 3315 sapientia,
685 3243 758 3294 non
782 3243 882 3294 surse
905 3225 933 3294 il
955 3225 1119 3310 secondo,
1138 3221 1224 3314 quia
1250 3221 1386 3296 scilicet
1413 3243 1485 3295 non
1512 3221 1637 3296 babuit

467 3359 612 3432 parem,
644 3339 821 3435 intelligas
856 3339 952 3413 inter
992 3361 1114 3435 reges,
1156 3345 1197 3412 ut
1224 3340 1481 3414 'declarabitur
1520 3341 1636 3430 inlra;

466 3463 504 3531 et
528 3457 635 3530 dicit:
661 3479 699 3530 sc
716 3461 741 3531 'l
765 3479 848 3531 vero
873 3455 894 3531 c*
917 3479 1014 3547 vero,
1040 3460 1069 3532 si
1095 3480 1162 3554 pro
1187 3459 1285 3553 quia,
1316 3461 1404 3552 quia
1434 3460 1532 3534 Deus
1566 3479 1639 3534 non

467 3577 655 3671 mentitur,
682 3577 744 3670 qui
774 3577 841 3650 sibi
866 3577 957 3650 dixit
987 3577 1074 3650 illud
1101 3578 1201 3670 quod
1232 3579 1374 3652 dicetur
1405 3577 1441 3651 in
1472 3580 1550 3651 lllll
1575 3599 1636 3653 ca-

467 3696 590 3791 pitulo.
616 3737 665 3750 --
683 3703 870 3790 appresso.
902 3696 967 3770 llic
999 3698 1157 3771 Thomas
1182 3697 1353 3772 describit
1382 3699 1495 3771 alium
1531 3698 1636 3791 spiri-

465 3825 558 3911 tum,
594 3818 729 3894 scilicet
759 3817 973 3914 Dionysium
1009 3817 1280 3913 Areopagitam,
1307 3818 1354 3892 de
1387 3840 1462 3911 quo
1494 3818 1637 3892 dicetur

464 3938 627 4013 inferiori
666 3939 835 4034 capitulo.
874 3939 946 4012 lste
985 3937 1051 4012 luit
1088 3958 1249 4032 graecus,
1290 3959 1447 4034 magnus
1482 3939 1639 4032 pbiloso-

465 4059 558 4152 pbus
592 4059 734 4152 primo;
762 4065 886 4153 postea
918 4049 1127 4154 magnus(²)
1155 4057 1282 4131 doctor
1316 4066 1394 4152 post
1428 4058 1638 4132 conversio-

466 4197 550 4250 nem
569 4197 696 4269 suam3
714 4179 777 4272 qui
800 4178 883 4252 lecit
900 4177 1013 4251 libros
1035 4176 1244 4250 utilissimos
1260 4167 1295 4269 (³)
1319 4177 1401 4252 fidei
1419 4178 1636 4268 christiane,

464 4295 599 4369 scilicet
629 4297 765 4370 librum
799 4298 846 4372 de
877 4297 1015 4371 coelesti
1048 4295 1264 4388 hierarchia,
1295 4297 1341 4371 de
1359 4298 1534 4392 vangelica
1561 4298 1639 4372 bic-

523 4554 551 4618 (¹)
569 4555 599 4604 E.
615 4557 695 4618 quod.
882 4554 910 4618 (¹)
927 4557 958 4607 u.
975 4558 1111 4608 maximus.
1300 4556 1326 4620 (¹)
1344 4558 1374 4608 E.
1390 4558 1524 4609 utillimos.
