3746 5680
358 575 361 580 r
446 517 469 580 t
839 527 1042 582 counnruu
1069 527 1233 580 nnnnnrsr

444 671 555 745 unius
580 670 637 744 sui
662 671 783 746 fratris
808 672 948 746 famosi.
982 673 1036 747 dd
1066 671 1349 746 declarationem
1381 670 1497 745 literae
1522 690 1618 766 prae-

445 791 664 865 mittendum
697 798 762 885 est,
792 792 892 887 quod
918 792 1106 867 Eccelinus
1141 790 1438 885 praenominatus,
1466 797 1615 864 mortuo

444 910 628 985 Friderico
653 911 695 1006 ll,
721 913 782 986 cui
819 912 940 986 luerat
977 911 1257 1004 confoederatus,
1291 910 1402 1005 coepit
1440 930 1616 984 exercere

444 1050 594 1104 omnem
612 1031 790 1106 sevitiam
807 1031 845 1104 in
863 1038 938 1105 tota
956 1031 1114 1107 Marcbia
1127 1031 1314 1105 Trivisana
1330 1023 1379 1122 (¹).
1398 1030 1469 1118 Qui
1482 1031 1615 1104 Comes

443 1150 490 1224 de
515 1151 681 1225 Romano
713 1152 832 1245 primo
867 1151 996 1226 lavore
1026 1151 1308 1224 Monticulorum
1336 1150 1463 1223 habuit
1494 1149 1614 1224 domi-

444 1271 547 1343 nium
574 1272 611 1344 in
632 1272 796 1365 Verona;
814 1270 944 1345 deinde
960 1271 1089 1343 babuit
1106 1271 1281 1363 Paduam,
1297 1269 1512 1363 vicentiam,
1528 1270 1617 1344 Ter·

444 1389 589 1483 visium,
622 1389 797 1483 Feltrum,
829 1390 1054 1483 Tridentum,
1089 1395 1126 1463 et
1161 1390 1288 1463 ultimo
1319 1389 1491 1463 Brixiam.
1522 1389 1615 1463 Cum

443 1518 570 1585 autem
584 1511 784 1604 Eccelinus,
799 1510 1000 1584 medietatis
1016 1501 1052 1602 (²)
1070 1510 1288 1605 penetotius
1305 1510 1533 1584 bombardiae
1550 1509 1617 1584 do-

444 1631 577 1724 miuus,
604 1635 698 1705 esset
728 1629 765 1704 in
796 1630 982 1705 obsidione
1007 1631 1164 1704 Mantuae
1197 1650 1284 1704 cum
1320 1630 1403 1704 lorti
1437 1629 1615 1722 exercitu,

443 1749 569 1824 audita
593 1749 788 1822 amissione
815 1749 949 1823 Paduae
976 1755 1090 1842 capte
1117 1768 1183 1842 per
1200 1750 1364 1844 legatum
1386 1748 1561 1839 ecclesiae,
1579 1747 1615 1820 in

444 1869 546 1942 rabie
564 1868 698 1942 luroris
716 1887 889 1942 reversus
910 1867 1106 1962 Veronam,
1124 1888 1254 1943 omnes
1279 1869 1467 1962 paduanos
1493 1872 1617 1962 captos

443 2008 537 2082 quos
554 2009 681 2063 secum
699 1988 857 2062 babebat
874 2007 1032 2061 numero
1049 1987 1243 2062 duodecim
1261 1988 1385 2082 millia,
1404 1985 1514 2079 terro,
1533 1987 1616 2081 igne

443 2114 481 2182 et
511 2109 608 2182 lame
640 2107 889 2202 consumpsit;
924 2114 961 2179 et
994 2107 1023 2180 si
1058 2107 1141 2200 quis
1176 2107 1431 2182 inveniebatur
1462 2106 1615 2202 lugiens,

443 2228 596 2324 pedibus
628 2235 664 2302 et
695 2226 863 2300 manibus
898 2227 1149 2301 truncabatur.
1186 2228 1375 2302 Eccelinus
1399 2217 1434 2319 (³)
1462 2247 1617 2301 consan-

443 2347 586 2444 gnineis
618 2353 655 2420 et
688 2347 815 2421 amicis
855 2366 927 2420 non
959 2349 1130 2443 pepercit.
1163 2349 1324 2422 Tandem
1360 2347 1434 2421 dzo
1459 2348 1489 2418 ll
1521 2347 1617 2418 llar-

444 2466 526 2540 chio
560 2464 728 2559 Estensis,
756 2467 947 2539 mantuani
974 2473 1010 2540 et
1035 2487 1294 2542 cremonenses
1326 2468 1614 2541 coniuraverunt

444 2592 571 2659 contra
598 2605 696 2658 eum.
723 2585 912 2658 Eccelinus
932 2593 1059 2661 autem
1079 2607 1228 2681 sperans
1255 2587 1421 2660 obtinere
1446 2585 1616 2660 llediola-

444 2727 535 2779 num
562 2726 583 2777 a
611 2704 829 2796 quibusdam
865 2707 1109 2802 magnatibus,
1143 2707 1307 2780 transivit
1336 2706 1525 2798 Abduam5
1552 2705 1614 2779 sed

443 2825 584 2900 detecta
618 2823 820 2917 proditione
856 2824 1017 2918 rediens,
1051 2825 1188 2900 invenit
1225 2825 1363 2900 llumen
1395 2829 1614 2917 occupatum

443 2946 490 3019 ab
517 2944 691 3037 bostibus,
718 2949 755 3016 et
786 2943 918 3017 timens
943 2944 1212 3019 multitudinem
1240 2943 1566 3019 mediolanensium
1593 2963 1615 3015 a

444 3072 548 3161 tergo
579 3086 666 3139 cum
698 3063 851 3138 llartino
881 3064 927 3138 de
962 3065 996 3137 la
1031 3065 1160 3158 Turre,
1187 3085 1254 3160 per
1289 3066 1451 3140 medium
1478 3064 1613 3139 vadum

443 3203 612 3277 quaerens
645 3184 854 3257 evasionem
888 3183 1018 3279 sagitta
1044 3185 1260 3257 vulneratus
1286 3192 1341 3258 est
1373 3185 1410 3257 in
1443 3185 1544 3279 pede.
1572 3185 1616 3255 Et

443 3303 529 3394 quia
555 3321 666 3376 senex
693 3307 773 3374 erat
798 3309 834 3375 et
860 3303 1079 3376 interclusus
1105 3303 1153 3376 ab
1179 3304 1344 3378 hostibus
1369 3324 1456 3377 cum
1483 3323 1614 3397 pervc-

442 3421 553 3495 nisset
578 3421 623 3495 nd
648 3421 802 3493 alteram
831 3421 959 3514 ripam,
986 3420 1188 3496 debellatus
1206 3429 1260 3497 est
1281 3430 1318 3498 et
1335 3431 1463 3518 captus
1479 3444 1502 3496 a
1519 3424 1615 3496 llar-

442 3541 573 3615 cbione
607 3539 745 3612 Estensi
778 3544 814 3612 et
846 3539 935 3633 aliis,
971 3546 1008 3613 et
1037 3541 1169 3616 ductus
1202 3542 1390 3616 Sulcinum
1406 3531 1457 3634 (⁴),
1489 3542 1615 3614 nolens

442 3660 606 3752 recipere
630 3657 872 3752 curationem,
899 3658 1087 3733 infeliciter
1113 3667 1283 3734 mortuus
1309 3665 1374 3752 est,
1405 3680 1491 3733 cum
1518 3665 1615 3732 esset

440 3799 625 3854 annorum
652 3777 755 3872 quasi
781 3779 1010 3874 septuaginta
1036 3784 1073 3852 et
1097 3779 1175 3853 sine
1201 3778 1313 3872 prole.
1340 3778 1519 3873 Regnavit
1545 3776 1615 3850 Ve-

442 3920 543 3974 ronae
569 3897 673 3972 annis
699 3896 846 3994 triginta
873 3904 1046 3992 quatuor,
1064 3899 1214 3973 excluso
1239 3898 1379 3974 Comite
1405 3899 1518 3973 sancti
1543 3899 1615 3971 Bo-

441 4018 570 4093 nilacii.
599 4017 789 4091 Albericus
814 4017 927 4091 irater
953 4017 1044 4111 eius,
1070 4018 1153 4091 licet
1180 4018 1298 4113 impar
1323 4019 1494 4112 potentin,
1521 4023 1615 4092 atta-

441 4160 528 4213 men
560 4138 722 4230 nequitia
753 4159 831 4232 par,
862 4136 987 4211 audita
1020 4144 1140 4210 morte
1177 4137 1298 4211 fratris
1332 4139 1422 4231 eius,
1449 4138 1541 4233 rugit
1569 4137 1616 4210 de

442 4258 616 4349 Tervisio,
644 4258 706 4331 ubi
738 4263 819 4331 erat
849 4255 1034 4331 crudelius
1060 4263 1252 4350 tyrannus,
1276 4256 1323 4330 ad
1348 4277 1473 4332 arcem
1500 4256 1614 4330 sancti

442 4378 612 4470 Zenonis3
628 4378 675 4450 ibi
691 4368 726 4469 (⁵)
743 4378 890 4451 clausus
908 4376 1047 4450 viribus
1060 4382 1292 4469 venetorum,
1307 4377 1511 4471 proditione
1527 4396 1615 4449 suo-

504 4563 531 4626 (¹)
548 4563 579 4614 E.
597 4564 744 4615 Tarvisanu.
1066 4562 1094 4625 (¹)
1109 4563 1140 4613 E.
1157 4565 1301 4614 medietatis
1317 4565 1405 4615 totius.

504 4639 530 4703 (¹)
546 4641 578 4692 Ε.
595 4641 732 4692 Eccellnus
748 4642 796 4692 iste
812 4639 1015 4704 consanguineis.
1067 4637 1093 4700 (⁸)
1110 4644 1133 4700 t,
1150 4640 1299 4690 Fulolnum.
1353 4639 1380 4700 (⁸)
1396 4639 1427 4689 E.
1443 4639 1488 4690 ubl
1504 4639 1613 4689 ebusus.
