3746 5680
660 523 798 578 cunnus
823 525 953 579 nonus.
1344 510 1388 578 13

214 672 380 765 dulciter,
404 673 443 742 io
467 671 527 742 cde
551 672 583 742 si
607 673 690 742 mue
721 673 808 743 com'
821 691 886 742 cro
915 672 1081 761 donant,
1106 671 1253 764 scilicet,
1283 677 1389 745 ante—

214 811 326 886 quam
354 788 496 864 veniret
521 787 567 861 ad
594 787 819 882 loquendum
847 789 980 863 autori.

289 912 434 981 L’oltro
460 910 585 981 letlzto.
612 909 683 982 lsta
709 913 764 983 εει
789 907 950 982 secunda
976 927 1061 1002 pars
1087 909 1268 1004 generalis
1280 901 1329 1002 (⁴),
1351 908 1388 981 in

216 1049 289 1121 qua
315 1048 381 1122 per
406 1026 722 1122 comparationem
739 1034 850 1101 autor
868 1027 1066 1101 introducit
1086 1028 1198 1102 alium
1221 1029 1388 1124 spiritum

216 1167 418 1222 venereum
445 1148 667 1222 modernum
688 1147 735 1222 de
756 1168 831 1242 quo
857 1146 1001 1220 (lanitia
1022 1147 1101 1242 J'am
1130 1148 1266 1223 fecerat
1284 1169 1390 1222 men-

216 1269 365 1362 tionem,
391 1267 526 1342 scilicot
552 1267 708 1340 Fulcum
743 1267 790 1341 de
828 1267 993 1341 Massilia.
1026 1268 1070 1339 Et
1104 1269 1223 1362 primo
1253 1267 1389 1342 descri-

215 1387 268 1461 bit
302 1387 419 1480 qualis
453 1386 624 1481 apparuit
658 1386 736 1480 sibi,
767 1386 906 1460 dicens:
941 1389 978 1457 L'
992 1389 1088 1459 altro
1124 1390 1252 1480 lelizto,
1287 1388 1388 1479 idest,

216 1507 285 1582 alia
318 1507 440 1581 anima
472 1505 566 1600 laeta,
598 1509 658 1578 cle
688 1509 732 1578 m’
746 1527 809 1578 era
839 1497 900 1597 qd
930 1514 1027 1597 noto,
1060 1506 1163 1602 idest,
1196 1529 1281 1602 quae
1310 1507 1389 1601 jam

215 1627 338 1700 fuerat
367 1624 595 1700 manifestata
622 1623 721 1719 milri,
742 1628 914 1717 preclara
945 1646 1041 1718 cosa,
1070 1627 1216 1719 scilicet,
1242 1627 1389 1720 quando

216 1745 358 1819 Cunitia
391 1743 480 1817 dixit
513 1763 645 1838 supra:
678 1747 717 1817 di
748 1751 867 1835 quota
902 1748 1071 1819 luculento
1102 1767 1121 1817 c
1151 1768 1241 1820 cora
1273 1749 1389 1838 ploio5

217 1865 281 1939 sed
309 1864 471 1937 nondum
491 1870 571 1937 erat
588 1863 654 1936 sibi
672 1869 758 1937 nota
776 1883 842 1957 per
860 1883 1006 1958 nomen,
1023 1857 1054 1938 si
1074 1869 1122 1938 mi
1137 1869 1211 1957 fece
1230 1869 1267 1938 io
1286 1868 1386 1956 msto,

214 1984 316 2077 idest,
344 1985 380 2056 in
405 1983 629 2077 apparentia,
648 1983 740 2076 talis,
767 1985 905 2078 supple,
924 1988 1009 2075 qual
1020 1987 1072 2076 fin
1089 1987 1243 2058 boloscio
1267 1989 1306 2058 io
1330 1987 1390 2058 clu

214 2107 250 2178 lo
274 2107 331 2176 sol
350 2110 509 2197 percolo,
538 2103 683 2196 scilicet,
710 2103 933 2197 splendidam
952 2111 989 2178 et
1009 2105 1187 2179 lucidam:
1207 2113 1263 2179 est
1288 2105 1386 2179 enim

213 2223 378 2297 halassus
406 2223 495 2317 lapis
516 2229 583 2296 etc.
602 2223 646 2295 Et
664 2228 718 2296 est
739 2223 964 2317 comparatio
981 2225 1127 2319 propria
1143 2249 1152 2317 ;
1179 2225 1388 2299 sicutenim

214 2342 332 2415 dictus
357 2342 447 2436 lapis
477 2342 658 2436 pretiosus
691 2363 929 2436 repercussus
956 2343 1065 2416 radiis
1090 2344 1270 2418 solaribus
1295 2344 1389 2418 mire

216 2463 394 2558 refulget5
421 2463 469 2535 ita
500 2463 568 2536 ista
592 2462 716 2537 anima
742 2463 900 2556 pretiosa
927 2483 1141 2557 repercussa
1172 2465 1280 2539 radiis
1304 2465 1388 2539 solis

210 2581 361 2676 justitiae
387 2581 462 2655 Dei.
489 2582 533 2653 Et
558 2581 679 2654 subdit
703 2588 814 2656 autor
839 2582 1111 2658 similitudinem
1145 2591 1182 2658 ει
1215 2583 1388 2658 dilleren-

215 2701 302 2774 tiam
317 2702 412 2775 inter
425 2700 586 2774 laetitiam
604 2701 790 2776 coelestem
810 2708 847 2774 et
868 2702 1082 2776 mortalem:
1102 2703 1299 2776 similitudo
1316 2709 1386 2777 stat

215 2821 251 2893 in
278 2821 357 2912 lroc,
383 2819 483 2912 quod
508 2819 602 2893 sicut
627 2819 751 2893 laetitia
777 2821 939 2895 humana
974 2821 1229 2894 manifestatur
1259 2822 1317 2893 hic
1351 2821 1387 2893 in

214 2939 353 3012 mundo
378 2958 445 3032 per
471 2939 607 3032 risum;
628 2939 678 3012 ita
695 2938 763 3026 illa,
773 2938 821 3012 ibi
839 2959 906 3033 per
923 2939 1121 3035 fulgorem
1136 2939 1338 3014 differentia
1351 2931 1387 3031 ζ’)

213 3065 269 3134 εει
294 3060 332 3132 in
357 3059 438 3152 hoc,
457 3059 542 3153 quia
565 3059 673 3132 iacies
694 3058 801 3133 beata
820 3064 876 3132 est
892 3079 1038 3153 semper
1055 3060 1149 3151 laeta,
1168 3060 1277 3133 iacies
1298 3078 1389 3131 vero

214 3179 377 3254 mortalis
403 3185 458 3253 est
482 3200 579 3275 saepe
595 3171 630 3271 (³)
660 3179 782 3270 tristiS,
808 3178 956 3273 quando
990 3199 1094 3253 mens
1127 3179 1278 3253 interior
1309 3186 1390 3251 tur-

214 3300 298 3374 bata
324 3305 390 3373 est.
417 3298 509 3373 Dicit
534 3320 625 3396 ergo
650 3300 764 3373 benc:
788 3303 910 3392 sulpur
935 3301 963 3370 ε’
976 3303 1133 3389 acquum
1160 3295 1268 3389 lasso,
1286 3299 1387 3392 idest,

214 3418 384 3514 splendor
418 3425 593 3493 causatur
619 3419 655 3490 in
681 3418 893 3514 apparentia
927 3417 1121 3491 beatorum
1153 3419 1190 3490 in
1220 3419 1326 3510 coelo,
1359 3410 1389 3490 sl

214 3557 310 3609 come
333 3541 408 3611 riso
434 3543 505 3630 pul,
522 3539 625 3632 idest,
644 3538 680 3611 in
701 3539 770 3612 isto
791 3537 931 3611 mundo
949 3538 1114 3631 mortali;
1137 3538 1199 3611 sed
1217 3537 1276 3611 hic
1294 3538 1388 3610 risus

214 3657 286 3731 cito
311 3677 398 3731 cum
416 3658 504 3732 tletu
526 3658 713 3751 miscetur,
732 3657 809 3732 sive
826 3657 870 3730 ad
890 3663 1057 3730 nostrum
1073 3645 1110 3748 (⁴)
1128 3657 1200 3730 cito
1221 3656 1388 3748 sequitur

213 3779 403 3872 planctus3
430 3777 528 3851 unde
553 3777 657 3852 dicit:
685 3799 745 3850 mo
770 3781 791 3849 ι’
805 3778 929 3850 omdro
959 3779 997 3848 di
1022 3780 1120 3868 soor,
1147 3775 1249 3869 idest,
1276 3796 1387 3869 appa-

214 3897 331 3972 rentia
357 3898 529 3991 exterior,
550 3900 719 3972 subdolo
735 3893 808 3990 ylo,
827 3897 929 3990 idest,
947 3896 987 3969 fit
1005 3897 1162 3970 obscura
1181 3897 1216 3969 in
1238 3896 1387 3988 mundo,

212 4020 503 4090 conclamante
530 4013 687 4110 donn,
717 4016 818 4111 idest,
846 4036 959 4109 quam
986 4015 1057 4088 cito
1089 4033 1194 4088 mens
1225 4014 1387 4087 humanu

212 4134 371 4210 efficitur
394 4142 528 4210 moesta
555 4137 679 4231 aliquo
706 4157 804 4211 casu.
821 4176 869 4189 -
882 4139 951 4208 Dio
977 4137 1070 4207 vnde.
1089 4133 1153 4206 Hic
1174 4138 1284 4205 autor
1304 4131 1389 4206 lacit

213 4275 319 4328 suam
336 4256 548 4351 petitionem
568 4257 613 4330 ad
630 4256 765 4331 dictam
782 4255 956 4329 animam.
978 4255 1021 4327 Et
1040 4252 1160 4347 primo
1174 4251 1220 4325 ad
1238 4258 1389 4348 captan-

213 4372 301 4447 dam
327 4374 620 4449 benevolentium
642 4375 889 4470 praesupponit
907 4395 973 4468 pro
994 4371 1184 4465 constanti,
1203 4371 1304 4465 quod
1321 4373 1388 4446 ista

275 4559 303 4621 (ι)
319 4558 349 4608 Β.
367 4559 495 4623 generalis
510 4559 587 4608 huius
604 4558 718 4621 capituli,
735 4560 762 4609 in
779 4571 838 4621 qua.
901 4555 928 4620 ι’)
945 4558 975 4607 Ε.
993 4563 1019 4608 et
1035 4555 1186 4607 differentia.

277 4631 351 4697 (¹)E.
368 4649 383 4685 e
400 4639 423 4696 t,
440 4649 543 4698 semper
559 4635 647 4686 trlstis.
905 4634 931 4698 ι’)
947 4637 978 4686 E.
995 4640 1114 4686 nostrum
1130 4633 1253 4698 gaudium
1269 4633 1329 4683 cito.
