3746 5680
438 512 484 580 36
831 526 1036 582 consensuri
1061 528 1228 581 rxnxorsr

436 671 697 765 prehensibilis,
724 672 843 766 primo
869 674 1116 767 praesupponit
1141 672 1241 765 quod
1267 672 1382 745 multa
1409 679 1495 744 sunt
1526 693 1611 767 pre-

436 790 526 864 tiosa
560 791 596 863 in
627 793 732 884 coelo,
768 813 852 885 quae
886 812 958 865 non
989 798 1142 885 possunt
1171 790 1326 864 describi
1362 811 1429 864 nec
1456 793 1610 867 manile·

435 904 588 1002 staril').
622 911 725 985 Unde
755 911 862 984 dicit:
897 914 1001 984 Molle
1034 914 1138 1001 plote,
1173 910 1307 984 scilicet
1338 910 1583 986 differentes
1573 935 1611 985 rn

434 1030 562 1126 gloria,
590 1031 676 1124 quia
702 1031 784 1124 plus
809 1039 847 1105 et
873 1031 994 1105 minus
1019 1037 1130 1126 prout
1155 1037 1241 1103 sunt
1267 1051 1419 1124 capaces
1444 1032 1611 1125 illius,si

435 1156 563 1223 deuon
588 1170 671 1222 core
696 1173 714 1222 e
739 1151 834 1241 telle,
861 1151 954 1224 siout
980 1156 1078 1245 patet
1103 1150 1158 1246 sig
1135 1150 1321 1224 villatim
1312 1172 1349 1222 rn
1374 1172 1493 1245 spera,
1516 1154 1610 1225 uella

435 1278 529 1344 corte
554 1273 612 1343 del
634 1273 698 1344 ciel
720 1273 826 1344 dond'
839 1275 874 1344 io
898 1275 1057 1362 rivoque,
1085 1270 1186 1362 idest,
1213 1271 1259 1345 de
1285 1292 1358 1364 qua
1384 1292 1455 1367 ego
1482 1292 1609 1346 rever-

435 1396 504 1484 tor,
526 1398 622 1463 tuoto
646 1393 706 1463 olle
731 1411 803 1462 reon
827 1394 859 1462 st
879 1411 1011 1483 possen
1029 1398 1109 1464 lror
1124 1392 1183 1463 del
1196 1411 1321 1482 repon,
1342 1391 1478 1465 scilicet
1495 1392 1607 1466 coele·

435 1511 491 1600 sti,
519 1511 620 1603 idest,
647 1511 740 1585 adeo
767 1511 865 1604 quod
892 1532 965 1585 non
1000 1518 1153 1604 possunt
1186 1511 1409 1585 manifestari
1436 1510 1494 1584 lric
1520 1511 1610 1585 inle-

436 1629 513 1702 rius
532 1630 708 1704 relatione
726 1629 859 1726 linguae
874 1631 930 1704 vel
944 1630 1188 1723 descriptione
1204 1650 1343 1722 pennae.
1356 1633 1483 1704 -Eil
1494 1638 1608 1703 cunm.

435 1749 500 1823 Hic
531 1756 642 1822 autor
667 1749 854 1843 praemissa
886 1750 981 1824 dicta
1014 1750 1202 1844 positione,
1229 1749 1314 1822 dicit
1346 1749 1445 1842 quod
1479 1757 1608 1823 cantus

435 1869 581 1943 illarum
609 1870 819 1944 animarum
846 1876 900 1944 est
927 1892 1000 1944 una
1026 1871 1072 1944 de
1101 1869 1167 1943 illis
1200 1871 1311 1944 rebus
1336 1870 1430 1944 caris
1460 1876 1496 1944 et
1525 1889 1609 1965 pre·
1648 1958 1650 1964 Ι

435 1991 545 2084 tiosis‚
573 2011 657 2083 quae
683 2011 756 2064 non
783 1998 933 2084 possunt
952 1991 1010 2065 hio
1032 1991 1272 2082 manifestari3
1292 1997 1329 2064 et
1349 1991 1430 2064 ideo
1448 1991 1510 2084 qui
1529 1990 1607 2063 vult

435 2111 530 2184 scire
555 2109 601 2183 de
627 2117 736 2182 cantu
764 2109 824 2183 illo
849 2110 1060 2183 dulcissimo
1085 2111 1184 2183 volet
1210 2110 1246 2182 in
1272 2111 1408 2183 coelum
1428 2110 1521 2184 siout
1539 2131 1609 2205 ego

437 2230 518 2323 leci,
544 2229 649 2302 aliter
679 2250 870 2322 nunquam
897 2235 1018 2324 posset
1043 2230 1137 2304 scire
1162 2231 1242 2303 lroo.
1270 2230 1361 2303 Dicit
1387 2251 1501 2326 ergo:
1529 2236 1561 2303 E
1582 2231 1610 2301 il

434 2355 539 2420 conto
565 2351 603 2420 di
618 2351 693 2440 que'
711 2352 806 2438 lumi,
825 2349 927 2440 idest,
949 2350 1094 2423 illorum
1114 2350 1308 2424 doctorum
1327 2349 1608 2442 luminosorum‚

433 2489 499 2544 eru
516 2472 554 2541 di
574 2473 693 2561 puelle,
723 2469 824 2562 idest,
842 2470 889 2543 de
906 2469 973 2542 illis
985 2470 1166 2564 jocalibus
1183 2470 1277 2543 caris
1295 2477 1332 2544 et
1357 2470 1503 2564 pulcris,
1526 2489 1609 2563 quae

434 2609 507 2663 non
534 2595 685 2683 possunt
711 2589 804 2662 trahi
832 2609 878 2662 ex
906 2590 966 2663 illo
992 2611 1124 2686 regno:
1153 2596 1189 2663 et
1215 2589 1309 2683 ideo,
1327 2592 1381 2662 odi
1405 2611 1476 2662 non
1500 2593 1607 2662 s'im·

427 2731 563 2803 penno,
589 2709 691 2802 idest,
720 2709 946 2802 quicumque
964 2729 1036 2782 non
1059 2710 1251 2802 implumat
1268 2730 1320 2801 se,
1339 2709 1440 2802 idest,
1458 2730 1531 2782 non
1553 2708 1609 2780 in-

433 2830 510 2903 duit
541 2829 606 2903 sibi
639 2849 776 2923 pennas
813 2835 850 2903 et
887 2830 964 2901 alas
1002 2828 1267 2921 speculationis,
1301 2828 1395 2902 sicut
1427 2848 1498 2923 ego
1528 2826 1607 2920 leci,

433 2951 611 3041 expellite
636 2952 768 3021 novelle
798 2950 918 3038 polodi
947 2951 1011 3020 dol
1038 2955 1146 3038 muto,
1178 2948 1282 3041 quasi
1312 2950 1407 3023 dicat
1441 2955 1608 3043 expectet

432 3071 563 3146 audire
589 3091 684 3144 nova
710 3070 756 3143 de
782 3069 842 3142 illo
867 3077 977 3142 cantu
997 3068 1032 3141 in
1055 3069 1193 3143 mundo
1220 3061 1338 3161 isto(²)
1366 3076 1522 3162 amuto‚
1545 3066 1609 3161 qui

434 3211 624 3283 nunquam
653 3188 747 3262 dicet
773 3189 850 3278 sibi,
878 3188 979 3281 quasi
1012 3188 1130 3262 dicat:
1163 3189 1198 3261 in
1233 3211 1371 3264 vanum
1406 3188 1608 3284 expectabit

435 3309 529 3382 scire
555 3315 705 3380 cantum
735 3308 844 3380 talem
872 3307 1085 3399 inmundo,
1113 3307 1142 3380 si
1174 3329 1247 3381 non
1274 3310 1371 3382 volet
1398 3308 1604 3382 mentaliter

434 3430 481 3504 ad
504 3429 640 3502 coelum
667 3428 760 3500 sicut
778 3447 847 3521 ego
866 3427 996 3501 volavi.
1017 3428 1059 3499 Et
1078 3436 1163 3501 nota
1182 3428 1280 3521 quod
1298 3434 1409 3503 autor
1426 3430 1521 3504 hene
1538 3427 1609 3499 lin-

433 3551 487 3646 git
513 3550 593 3641 noc,
620 3548 706 3642 quia
733 3547 922 3621 moraliter
953 3548 1137 3640 loquendo
1163 3549 1250 3623 satis
1275 3555 1393 3644 potest
1418 3549 1607 3644 praedicari

433 3676 471 3745 et
486 3669 554 3742 dici
572 3669 619 3742 de
635 3668 826 3742 dulcedine
843 3675 984 3761 cantus,
1003 3667 1094 3742 idest
1111 3669 1157 3742 de
1178 3668 1419 3744 delectatione
1435 3668 1609 3742 doctrinae

434 3791 587 3864 istorum
614 3789 819 3880 doctorum,
847 3788 946 3880 quod
972 3788 1083 3862 homo
1109 3787 1228 3881 capiat
1254 3788 1353 3861 illam
1380 3789 1408 3862 si
1438 3808 1509 3861 non
1535 3808 1605 3882 gu·

434 3917 503 3986 stet
528 3931 593 4004 per
619 3908 883 4003 experientiam
910 3915 947 3982 et
971 3909 1160 3983 scientiam
1185 3908 1232 3982 de
1259 3909 1341 4001 illa;
1377 3910 1475 3984 unde
1500 3910 1605 4006 igno-

434 4038 557 4105 rantes
582 4051 654 4103 non
681 4035 832 4123 possunt
857 4030 1010 4104 credere
1042 4049 1109 4102 nec
1141 4048 1274 4122 capere
1307 4029 1407 4121 quod
1436 4030 1481 4102 sit
1508 4035 1606 4103 tanta

433 4150 625 4224 delectatio
651 4149 688 4220 in
714 4149 962 4243 speculatione
979 4148 1149 4239 scientiae,
1172 4153 1308 4240 quanta
1335 4152 1391 4221 est
1417 4149 1514 4242 apud
1542 4169 1608 4222 ex-

434 4275 568 4364 pertos.
583 4271 711 4340 -Poi
734 4262 763 4342 sl
788 4271 974 4343 coeundo.
1001 4268 1066 4342 Hic
1091 4273 1200 4341 autor
1226 4266 1406 4361 descripto
1437 4273 1540 4340 motu
1572 4275 1609 4342 et

435 4393 545 4463 cantu
572 4387 717 4460 illarum
743 4389 964 4480 animarum,
997 4408 1095 4461 nunc
1123 4387 1294 4462 describit
1327 4387 1605 4462 arrestationem

497 4649 525 4714 (¹)
541 4649 567 4700 S.
584 4647 719 4699 manifesto
735 4649 805 4700 sciri.
993 4647 1019 4709 (¹)
1035 4649 1066 4697 E.
1082 4649 1132 4698 isto
1148 4648 1180 4696 ab
1196 4647 1301 4698 homino
1317 4649 1401 4696 muto.
