3746 5680
672 515 810 570 CANTUS
834 516 964 572 Nouus.
1381 507 1402 572 7

231 659 346 756 tangit
370 656 649 732 diuturnitatem
682 655 790 731 famae
821 657 924 732 istius
959 658 1115 734 hominis
1148 680 1231 754 quae
1257 660 1404 736 durabit

229 778 351 853 adhue
376 776 583 873 quingentis
607 777 723 869 annis,
742 777 884 851 dicens:
912 798 930 849 e
956 785 1074 868 questo
1100 783 1281 854 centesimo
1306 801 1403 853 onan

230 919 342 972 macor
364 899 583 988 s’iaciaqoo,
611 896 712 989 idest,
746 896 814 971 iste
852 917 1034 971 numerus
1072 899 1305 974 centenarius
1336 920 1404 973 an·

231 1037 366 1091 norum
391 1015 586 1110 quinquies
610 1015 814 1090 iterabitur.
848 1015 1055 1090 currebant
1079 1017 1178 1091 enim
1204 1024 1292 1093 tunc
1315 1019 1403 1094 anni

229 1137 372 1211 Domini
400 1137 497 1211 mille
522 1135 685 1229 trecenti,
705 1135 852 1228 quando
877 1145 984 1229 poeta
1010 1137 1137 1211 habuit
1156 1159 1263 1211 suam
1289 1139 1403 1214 mira·

228 1255 339 1330 bilem
366 1255 555 1346 visionem,
576 1258 662 1347 pete
694 1258 755 1328 cde
786 1255 1044 1349 nicomidensi,
1074 1263 1274 1349 antequam
1301 1258 1400 1332 fama

229 1375 389 1470 praedicti
420 1374 610 1448 moriatur.
642 1376 687 1448 Et
720 1374 778 1450 hie
811 1382 910 1469 uota,
936 1376 1036 1470 quod
1065 1383 1174 1451 autor
1190 1373 1226 1470 (¹)
1258 1378 1403 1456 videtur

229 1514 402 1589 expresse
426 1494 549 1569 dicere
575 1494 818 1588 mendacium,
849 1514 936 1568 cum
971 1495 1017 1570 de
1046 1497 1194 1570 homine
1226 1497 1295 1571 isto
1322 1499 1402 1593 jam

231 1633 303 1687 non
323 1614 369 1687 sit
386 1613 483 1688 sama
501 1614 612 1688 etiam
633 1614 670 1687 in
687 1615 834 1707 propria
851 1615 991 1707 patria:
1018 1615 1099 1689 dieo
1121 1615 1281 1690 breviter
1304 1617 1403 1710 qnod

229 1739 338 1805 autor
363 1732 441 1807 vult
466 1733 622 1806 innuere
648 1733 767 1826 tacite,
793 1733 892 1826 quod
918 1733 994 1827 ipse
1018 1733 1159 1808 dederit
1185 1735 1321 1809 tamam
1344 1736 1402 1810 isti

232 1852 372 1926 ratione
397 1851 542 1927 virtutis
559 1852 650 1946 eine,
668 1872 753 1946 quae
778 1853 876 1927 fama
902 1873 976 1926 non
1001 1853 1182 1926 morietur
1208 1876 1404 1949 usquequo

231 1972 329 2047 rivet
353 1972 446 2047 liber
469 1973 549 2065 iste,
576 1972 639 2067 qui
664 1972 812 2046 durabit
837 1992 903 2067 per
929 1973 1045 2045 muita
1071 1973 1194 2048 secula
1215 1993 1399 2050 annorum

230 2096 266 2166 et
292 2091 386 2165 sorte
411 2110 477 2185 per
504 2090 614 2164 miliia
641 2112 836 2185 annorum,
863 2091 893 2166 si
918 2112 1113 2186 possumus
1147 2093 1403 2169 coniecturare

229 2211 275 2285 de
301 2210 448 2304 futuro,
473 2211 559 2305 quia
581 2211 747 2286 videmus
764 2212 949 2305 continuo,
968 2211 1066 2306 quod
1087 2212 1185 2286 tanta
1206 2212 1309 2286 istius
1334 2235 1404 2288 au-

231 2330 320 2403 toris
350 2330 490 2405 crescit.
526 2331 569 2402 Et
599 2350 646 2404 ex
677 2331 746 2404 hoc
779 2339 889 2404 antor
918 2331 1135 2404 exhortatur
1166 2332 1332 2406 homines
1357 2333 1403 2408 ad

231 2450 356 2526 vivere
381 2451 555 2543 virtuose,
582 2457 624 2523 ut
649 2451 718 2523 viri
742 2451 923 2546 sapientes
947 2450 1034 2524 dent
1059 2450 1111 2524 eis
1137 2450 1285 2544 tamam,
1311 2453 1404 2527 sicut

230 2569 306 2665 ipse
327 2569 406 2664 jam
432 2569 530 2643 dedit
555 2569 720 2662 Cunitiae,
738 2576 774 2642 et
798 2568 898 2642 dabit
922 2568 1045 2642 Fuleo.
1073 2569 1164 2645 Dicit
1189 2590 1299 2666 ergo:
1327 2575 1406 2646 aedi

229 2710 267 2761 se
290 2691 407 2761 t'oom
431 2691 463 2760 si
486 2690 540 2762 de'
550 2691 633 2781 sare
652 2691 838 2778 accedente,
856 2687 992 2763 scilicet
1012 2687 1049 2760 in
1075 2688 1222 2781 virtute,
1239 2681 1269 2761 si
1289 2692 1404 2762 et'ol-

230 2814 288 2880 tro
314 2809 384 2880 vitu
410 2809 446 2879 la
468 2810 589 2899 primo
613 2810 787 2898 relinquo,
813 2807 914 2899 idest,
943 2813 983 2878 ut
1008 2805 1127 2900 prima
1153 2807 1239 2899 vita,
1257 2807 1404 2901 scilicet,

230 2925 451 3019 temporalis,
470 2926 654 3018 relinquat
673 2926 784 3000 aliam
803 2925 914 2999 vitam
933 2931 1150 3020 perpetuam
1169 2947 1235 3020 per
1253 2927 1401 2999 sarnam.

229 3046 314 3122 ldeo
347 3046 441 3120 bene
470 3045 555 3120 dicit
583 3045 847 3133 Quintilianus:
882 3047 1054 3133 Quoniam
1084 3048 1276 3136 mpure
1305 3046 1404 3118 nodo

230 3170 289 3242 dia
315 3169 441 3256 viuere,
462 3168 699 3255 relinquemus
724 3167 868 3259 aliquid,
897 3184 965 3255 quo
989 3185 1056 3236 nos
1081 3167 1209 3238 meuse
1233 3171 1402 3238 testemur.

230 3286 332 3360 Unde
357 3291 456 3377 nota,
482 3284 580 3378 quod
606 3285 822 3359 naturaliter
852 3285 964 3357 homo
994 3283 1105 3358 habet
1135 3283 1312 3377 triplicem
1338 3304 1405 3378 ap-

231 3405 397 3500 petitum,
415 3404 654 3478 conservandi
679 3404 815 3478 scilicet
840 3402 1081 3496 individuum,
1106 3402 1278 3497 speeiem,
1297 3409 1333 3478 et
1351 3404 1406 3478 ia-

233 3545 344 3618 mam,
370 3531 411 3597 ut
439 3524 582 3599 dicetur
611 3524 732 3598 adhuc
763 3524 798 3596 in
828 3523 896 3597 isto
926 3523 1095 3616 capitulo.
1118 3561 1167 3574 -
1187 3528 1221 3594 E
1250 3515 1314 3596 eid.
1341 3522 1405 3596 Hic

232 3645 374 3720 Cunitia
406 3665 453 3718 ex
482 3644 585 3718 dictis
614 3643 699 3718 iacit
727 3664 840 3718 unam
873 3642 1160 3737 increpationem
1192 3641 1239 3715 ad
1272 3643 1351 3716 ilios
1366 3635 1405 3734 (²)

230 3765 276 3839 de
302 3763 487 3858 provincia
513 3784 592 3856 sua,
619 3763 682 3857 qui
707 3762 815 3836 hodie
841 3761 968 3836 vivunt
993 3761 1131 3834 vitiose.
1158 3760 1203 3832 Et
1223 3760 1343 3853 primo
1369 3761 1406 3834 in

231 3884 405 3981 generali,
439 3883 647 3958 describens
685 3881 820 3957 iterum
860 3881 1084 3976 provinciam
1118 3901 1141 3953 a
1180 3879 1403 3971 fluminibus,

231 3993 339 4077 dicit:
366 4008 400 4075 E
414 4005 450 4074 lo
467 4003 569 4076 arua
583 4008 756 4094 presente,
775 3999 876 4093 idest,
893 4019 983 4096 gens
1002 3999 1190 4090 moderna,
1207 4019 1280 4071 aon
1294 4019 1406 4091 petua

231 4116 299 4212 eid,
324 4121 469 4214 scilicet,
505 4119 630 4195 vivere
662 4119 834 4212 virtuose,
869 4123 907 4192 et
940 4137 1006 4211 per
1039 4136 1268 4208 consequens
1294 4116 1407 4192 retin-

233 4261 350 4334 quere
375 4238 524 4332 famam,
549 4242 621 4330 ete,
648 4238 750 4331 idest,
777 4259 889 4332 quarn
916 4241 1076 4332 gentem,
1109 4238 1345 4327 Toqliomento
1377 4244 1410 4310 et

234 4363 340 4434 Adice
362 4362 540 4434 mmerde:
566 4359 834 4433 Taliamentum
860 4364 916 4430 est
946 4356 1084 4429 flumen
1109 4356 1306 4449 provinciae
1336 4358 1409 4432 Ve-

296 4614 323 4678 (“)
342 4615 370 4666 ii.
387 4621 463 4666 autor
479 4621 567 4668 nostor
582 4627 702 4681 expresse
718 4615 781 4666 dicit
796 4615 968 4665 mendacium.
1126 4611 1154 4676 (Ἰ
1170 4619 1193 4674 t,
1210 4614 1282 4664 aiios.
