3746 5680
670 519 810 574 caurus
836 520 1003 574 nacturus.
1377 511 1422 576 37

249 671 287 738 et
310 663 574 757 quietationem
596 665 758 759 ipsarum
777 685 843 761 per
865 667 1177 760 comparationem
1199 668 1337 741 claram
1356 667 1424 740 do·

250 785 455 857 minarum:
483 790 519 858 et
544 785 628 858 dicit
654 785 753 877 quod
779 785 849 858 illae
877 786 1011 858 animae
1036 787 1154 860 beatae
1171 792 1424 880 apparuerunt

249 906 298 979 ibi
324 906 359 977 in
384 907 504 979 forma
528 904 765 978 dominarum
791 926 875 998 quae
900 904 1109 999 tripudient,
1136 912 1172 978 et
1190 905 1420 998 tripudiando

253 1032 497 1117 remorentur,
516 1025 633 1099 donec
653 1025 868 1120 collegerint
886 1031 990 1098 notas
1006 1017 1042 1115 (⁴)
1063 1025 1238 1099 cantionis
1263 1030 1343 1118 post
1369 1025 1425 1120 gi-

253 1145 429 1218 rationem
459 1145 621 1238 ipsarum
640 1166 752 1238 quam
773 1145 934 1218 fecerant
954 1144 1047 1217 sicut
1065 1145 1176 1218 stellae
1195 1145 1291 1218 circa
1309 1145 1422 1237 polos.

191 1327 196 1342 .
249 1266 354 1338 Nunc
378 1264 425 1337 ad
451 1265 615 1358 literam;
642 1265 727 1338 dicit
752 1271 885 1339 autor:
913 1271 949 1338 et
974 1264 1044 1337 illae
1070 1264 1203 1338 animae
1228 1266 1357 1357 beate,
1376 1268 1426 1338 ut

248 1405 383 1476 purocr
406 1386 522 1456 donne
541 1405 614 1456 non
630 1388 747 1457 sciolte
764 1389 813 1458 du
829 1386 936 1474 tutto,
956 1385 1030 1458 imo
1056 1405 1232 1458 connenae
1249 1385 1284 1458 in
1304 1385 1425 1479 simul,

250 1505 337 1598 quia
363 1511 489 1578 tenent
514 1525 554 1580 se
580 1526 644 1599 per
663 1526 806 1599 manue,
824 1527 884 1578 mo
900 1508 960 1578 cte
976 1505 1003 1576 ε’
1013 1510 1163 1578 arrestin
1183 1509 1293 1596 tacite,
1312 1508 1427 1578 oscul-

250 1629 359 1698 tundo
381 1622 495 1718 fincte*
516 1629 634 1699 nonno
660 1630 779 1700 ricolte
796 1630 827 1700 le
844 1647 955 1700 nuovo
972 1633 1060 1700 noto.
1084 1627 1127 1699 Et
1148 1627 1205 1700 hic
1223 1634 1309 1700 nota
1328 1626 1427 1720 quod

251 1752 360 1819 autor
384 1746 447 1818 dat
471 1747 783 1840 comparationem
811 1767 922 1839 quam
951 1751 1078 1839 potest,
1114 1747 1249 1820 scilicet
1274 1767 1427 1840 compa·

255 1887 341 1939 rare
365 1867 526 1939 humana
552 1865 697 1939 divinis:
723 1866 860 1960 pulcrae
878 1866 975 1938 enim
994 1866 1151 1938 dominae
1169 1865 1323 1938 dulciter
1341 1886 1428 1938 can·
1558 1892 1559 1895 ¹

254 1993 371 2060 tantes
397 1985 433 2057 in
455 1984 613 2078 tripudio
632 2005 780 2058 summe
797 1985 977 2058 delectant
996 1992 1185 2079 aspectum
1205 1992 1241 2059 et
1260 1985 1427 2058 auditum

253 2101 453 2180 ridentium
485 2112 521 2179 et
552 2105 799 2198 audientium3
827 2113 863 2180 et
895 2107 943 2180 ita
974 2106 1051 2179 istae
1081 2107 1214 2180 animae
1242 2109 1428 2201 praeclarae

253 2231 441 2302 cantantes
467 2225 503 2297 in
529 2225 667 2299 circulo
694 2246 840 2298 summe
865 2226 1046 2299 delectant
1065 2227 1183 2299 visum
1206 2234 1242 2299 et
1260 2227 1426 2300 auditum
1475 2311 1479 2318 .

252 2346 403 2439 autoris,
431 2367 514 2439 quae
539 2345 586 2419 ad
613 2345 763 2418 modum
795 2346 1028 2419 dominarum
1064 2346 1340 2442 tripudiantium
1369 2367 1428 2421 re·

253 2472 445 2541 staverunt
458 2487 589 2560 parum
605 2472 642 2539 et
655 2466 888 2559 quieverunt,
904 2473 945 2538 ut
961 2467 1131 2541 audirent
1149 2489 1282 2541 novam
1302 2475 1427 2541 notam

257 2589 365 2660 unius
391 2606 534 2678 earnm,
556 2605 640 2678 quae
666 2585 702 2657 in
728 2585 897 2681 tripudio,
915 2586 1018 2678 idest,
1037 2586 1072 2659 in
1096 2595 1175 2660 rota
1194 2587 1271 2660 sive
1291 2607 1429 2661 corona

257 2709 315 2781 illa
341 2705 509 2780 circulari
536 2706 738 2798 loquutura
764 2711 845 2779 erat
874 2706 1007 2779 autori.
1038 2706 1082 2776 Et
1119 2707 1188 2779 hoc
1221 2706 1302 2780 dico
1328 2707 1427 2780 sece-

256 2833 343 2901 runt
369 2830 449 2920 post
474 2825 670 2917 aliqualem
699 2824 917 2920 girationem
944 2845 1087 2917 earum,
1115 2846 1227 2918 quam
1246 2824 1428 2918 specificat

255 2969 321 3042 per
349 2966 460 3020 unam
483 2945 745 3038 pulcerrimum
773 2944 1097 3038 comparationem,
1116 2944 1261 3017 dicens:
1285 2949 1349 3036 poi
1369 2948 1428 3017 cte

257 3070 359 3158 puelli
378 3069 517 3139 ardenti
535 3068 612 3154 soli,
627 3064 728 3157 idest,
743 3063 877 3138 animae
903 3065 1050 3136 illorum
1078 3063 1282 3156 sapientum
1306 3066 1428 3157 splen-

256 3188 412 3261 didiores
429 3187 516 3277 sole,
536 3185 571 3256 in
593 3184 651 3256 illa
674 3203 782 3277 spera
802 3183 922 3275 solari,
945 3185 1052 3276 sisar
1068 3186 1179 3274 piroti
1196 3191 1248 3256 tre
1268 3186 1368 3274 volte,
1383 3185 1430 3258 ad

257 3306 404 3381 laudem
431 3303 623 3394 Trinitatis,
650 3306 792 3375 intorno
819 3324 844 3375 u
868 3305 941 3392 noi,
964 3302 1065 3395 idest,
1099 3304 1197 3377 circa
1222 3303 1426 3377 Beatricem

258 3435 294 3501 et
319 3446 380 3498 me
395 3417 444 3517 (²),
469 3418 499 3496 sl
523 3427 712 3513 contundo,
739 3423 840 3515 idest,
866 3423 960 3495 sicut
986 3422 1123 3496 dictum
1151 3431 1206 3497 est
1223 3423 1429 3497 secundum

260 3546 361 3619 illum
394 3551 542 3618 cantum
575 3543 814 3635 ineffabilem3
851 3549 887 3616 et
921 3541 1030 3615 dicit:
1069 3563 1164 3614 come
1197 3545 1291 3615 stelle
1325 3546 1433 3615 vinae

259 3669 403 3760 o'sermi
411 3669 496 3759 poti.
511 3665 554 3738 Et
572 3665 629 3737 hic
647 3670 732 3738 nota
747 3662 845 3756 quod
859 3663 1086 3756 comparatio
1099 3669 1153 3737 est
1171 3664 1430 3758 propriissima.

259 3785 361 3860 Sicut
386 3787 483 3860 enim
510 3786 623 3859 stellae
641 3785 806 3857 lucentes
824 3783 1034 3856 describunt
1053 3804 1169 3856 unum
1189 3784 1341 3859 brevem
1361 3785 1434 3858 cir·

259 3907 386 3980 culum
413 3903 607 3978 *vicinum
634 3904 729 3977 circa
749 3904 895 3997 polum3
922 3903 971 3975 ita
989 3902 1066 3975 istae
1088 3903 1221 3975 animae
1241 3903 1435 3998 splenden-

262 4033 318 4099 tes
343 4023 523 4097 laciebant
548 4023 727 4096 circulum
756 4021 917 4096 vicinum
950 4020 1047 4094 circa
1081 4027 1251 4094 autorem
1279 4028 1316 4094 et
1341 4023 1435 4096 Bea-

262 4143 403 4236 tricem,
421 4143 486 4237 qui
507 4143 650 4218 stabant
677 4141 773 4215 firmi
799 4142 835 4216 in
862 4141 1008 4233 medio,¹
1023 4141 1117 4214 sicut
1142 4142 1258 4235 polus,
1276 4150 1434 4234 punctus

262 4263 320 4338 vel
345 4270 533 4340 centrum:
561 4269 598 4336 et
623 4263 716 4336 sicut
733 4263 803 4336 illae
821 4261 966 4336 stellae*
981 4252 1017 4354 (³)
1045 4261 1142 4336 circa
1165 4263 1290 4356 polum
1309 4264 1435 4358 giran-

262 4389 315 4458 tes
340 4383 501 4477 dirigunt
527 4383 740 4479 navigantes
771 4383 808 4455 in
836 4381 928 4456 mari
954 4381 1001 4455 ad
1027 4380 1153 4455 salutis
1185 4389 1353 4478 portum;
1384 4385 1434 4459 ita

323 4571 350 4633 (¹)
365 4572 396 4622 Ε·
413 4576 509 4622 ⁰⁰1⁸m·
761 4567 789 4632 (¹)
805 4570 836 4620 E.
854 4584 896 4620 mo
913 4571 1006 4634 ipsum.
1022 4575 1052 4620 ct

323 4648 349 4710 ε’]
365 4649 401 4698 to
419 4648 508 4712 parole
518 4647 558 4698 lm
575 4650 584 4698 l
598 4650 649 4700 (lue
660 4649 792 4700 arterimlri
803 4661 849 4698 son
860 4647 971 4711 supplite
984 4649 1025 4698 (lai
1033 4647 1120 4700 Codicl
1131 4649 1238 4699 Ertensu
1249 4660 1264 4697 o
1274 4646 1433 4697 Strozziuno.
