3746 5680
461 459 506 525 18
851 471 1056 526 counuruu
1080 473 1247 526 rununrsr

457 619 676 710 8131133313,
696 625 730 690 et
743 637 768 688 o
788 621 931 707 Creusa,
949 638 1034 711 quae
1060 617 1128 690 luit
1153 618 1271 712 prima
1299 638 1395 692 uxor
1419 619 1540 712 Eneae,
1558 619 1631 695 filia

457 738 592 813 Priami
618 739 715 834 regis
739 737 903 831 Troiani3
929 746 966 811 et
979 732 1016 828 (¹)
1046 745 1169 813 mmen
1196 740 1265 813 hoc
1299 739 1397 832 quod
1422 740 1556 814 dicitur
1584 741 1631 814 de

457 858 596 933 Didone
621 865 676 933 est
701 865 818 932 lotum
846 857 1025 950 fictitium,
1051 879 1098 932 ne
1123 858 1242 932 dicam
1271 859 1412 950 laisum,
1433 866 1474 932 ut
1501 860 1631 934 totiens

457 978 596 1052 dictum
628 986 693 1053 est.
725 978 915 1052 Secundus
949 999 1067 1071 amor,
1102 998 1213 1072 quem
1250 979 1398 1052 adducit
1426 979 1560 1054 Fuluus
1594 981 1631 1054 iu

458 1098 670 1193 exemplum
696 1098 753 1172 sui
778 1098 927 1190 amoris,
953 1105 1009 1170 est
1033 1097 1080 1172 de
1106 1097 1276 1192 Phyllide.
1305 1098 1438 1193 Phyllis
1470 1120 1631 1192 namque

458 1218 585 1313 regina
611 1218 785 1310 Thraciae,
813 1225 852 1292 ut
879 1225 977 1311 patet
1007 1217 1103 1311 apud
1138 1217 1328 1312 Virgilium
1363 1219 1456 1292 lihro
1486 1218 1631 1293 Bucoli-

458 1359 602 1432 corum,
613 1345 649 1412 et
661 1338 828 1412 Ovidium
845 1338 938 1410 lihro
952 1338 1207 1431 Epistularum,
1223 1337 1359 1431 recepit
1371 1339 1631 1432 Demophoon-

460 1465 534 1532 tem
553 1458 667 1530 lilium
681 1457 1024 1531 ducishthenarum
1045 1457 1260 1530 redeuntem
1278 1458 1326 1530 ab
1343 1458 1484 1532 excidio
1501 1460 1631 1550 iroiae,

460 1583 675 1671 tempestate
692 1576 886 1668 deiectum,
906 1576 1084 1669 quassatis
1100 1583 1138 1651 et
1156 1577 1322 1650 laceratis
1341 1578 1506 1670 navibus,
1525 1585 1630 1673 capta

459 1696 539 1771 eius
561 1715 707 1788 amore;
725 1696 788 1788 qui
811 1703 1021 1790 resumptus
1040 1697 1164 1770 volens
1181 1698 1355 1772 recedere
1376 1699 1540 1793 promisit
1560 1708 1629 1773 etc.

459 1815 521 1890 1113
536 1807 573 1907 (²)
598 1814 735 1889 amoris
751 1822 789 1888 et
807 1835 922 1888 morae
940 1816 1130 1909 impatiens
1147 1835 1187 1889 se
1204 1816 1339 1909 laqueo
1355 1818 1542 1911 suspendit
1560 1825 1630 1892 etc.

458 1935 550 2009 Dicit
581 1954 673 2029 ergo
698 1933 853 2008 Fuluus:
885 1931 931 2007 nd
963 1938 1077 2025 quelle
1110 1937 1290 2027 liodopeo,
1323 1936 1470 2026 scilicet,
1497 1937 1631 2032 Phyllis

459 2055 587 2150 regina
604 2054 778 2146 Thraeiae,
800 2055 906 2128 cuius
926 2074 1030 2126 mons
1047 2062 1103 2127 est
1120 2055 1304 2149 Rhodope,
1324 2055 1404 2129 ideo
1423 2063 1530 2130 vocat
1547 2077 1629 2134 eam

459 2175 787 2268 Rhodopeium,che
796 2178 837 2267 su
851 2177 971 2248 delusa
988 2178 1036 2245 du
1050 2179 1290 2268 Demosooote,
1303 2176 1364 2268 qui
1385 2176 1507 2250 ielellit
1522 2175 1631 2252 fidem

461 2296 598 2387 datam,
608 2295 702 2368 sicut
715 2295 824 2368 lason
838 2295 1041 2389 ilypsypile.
1056 2294 1189 2388 Phyllis
1201 2294 1368 2368 dicitura
1383 2295 1522 2390 phylos,
1533 2295 1631 2389 quod

461 2422 516 2488 est
541 2434 647 2488 amor
673 2435 807 2509 graece,
826 2415 912 2508 quia
938 2420 1012 2488 tota
1033 2435 1223 2487 amorosa:
1243 2414 1412 2507 quamvis
1432 2423 1470 2490 et
1488 2418 1632 2490 thraces

459 2535 529 2606 sint
559 2535 663 2628 proni
694 2534 730 2607 in
762 2533 955 2627 Venerem,
991 2542 1032 2606 ut
1061 2534 1198 2606 dictum
1234 2543 1289 2608 est
1318 2535 1365 2609 de
1394 2535 1512 2610 Tereo
1544 2556 1633 2632 rege

460 2653 622 2728 Thraciae
648 2653 684 2727 in
711 2653 946 2750 Purgatori05
973 2654 1111 2746 supple,
1139 2673 1212 2725 non
1239 2653 1354 2748 magis
1384 2655 1472 2727 arsit
1501 2676 1632 2732 amore

461 2793 575 2867 quam
602 2793 671 2869 ego
697 2773 841 2846 Fuluus.
869 2772 1012 2844 Tertius
1037 2792 1144 2844 amor
1165 2777 1219 2844 est
1236 2771 1282 2844 de
1300 2773 1458 2847 Hercule
1483 2774 1632 2866 quando

460 2902 588 2989 captus
614 2894 680 2967 luit
705 2912 836 2966 amore
853 2893 959 2985 loles,
979 2892 1040 2984 qui
1060 2897 1202 2964 tantum
1224 2891 1361 2965 exarsit
1387 2893 1466 2968 eius
1490 2914 1631 2967 amore

459 3015 511 3088 hd
547 3013 646 3106 quod
683 3013 885 3104 sciendum,
912 3012 1009 3106 quod
1040 3011 1217 3085 llercules
1250 3012 1443 3086 debellavit
1477 3014 1632 3108 patriam

459 3134 587 3228 Euryti
602 3134 698 3228 regis
711 3133 898 3228 Phrygiae3
913 3132 1019 3206 cuius
1034 3131 1115 3204 liliae
1132 3151 1262 3205 amore
1280 3137 1421 3205 mnium
1434 3123 1472 3224 (³)
1486 3132 1632 3226 exarsit,

460 3252 558 3347 quod
584 3253 717 3328 oblitus
742 3253 921 3327 hetantrae
940 3259 1037 3324 totus
1063 3257 1143 3324 erat
1169 3251 1334 3324 subditus
1357 3251 1411 3324 isti
1430 3253 1530 3344 lolae,
1549 3272 1633 3345 quae

460 3361 635 3445 induebat
661 3372 779 3464 ipsum
808 3376 926 3444 vestes
948 3370 1157 3462 muliebres,
1176 3376 1213 3442 et
1230 3369 1384 3443 iaciebat
1411 3371 1528 3466 ipsum
1548 3391 1633 3443 mu-

461 3491 589 3566 liebria
614 3490 747 3582 iacere,
766 3489 860 3563 sicut
878 3489 991 3580 lilare,
1018 3495 1054 3562 et
1079 3488 1149 3561 alia
1169 3488 1305 3562 homini
1325 3489 1632 3584 ignominiosiora,

461 3611 555 3686 sicut
580 3610 755 3704 scriptum
782 3615 836 3682 est
862 3608 897 3680 in
925 3609 1090 3682 lnlerno:
1115 3611 1249 3699 parete
1269 3609 1546 3699 quesejtutees
1563 3615 1631 3683 etc.

461 3731 553 3805 llicit
578 3751 668 3826 ergo
694 3730 762 3803 iste
790 3728 946 3802 Fulcus:
978 3724 1024 3801 oe*
1053 3730 1184 3820 Alcide,
1217 3727 1318 3820 idest,
1346 3728 1521 3801 Hercules
1552 3749 1633 3802 ma·

460 3852 517 3948 gis
530 3840 567 3942 (⁴)
582 3850 671 3922 arsit
688 3869 818 3923 amore
836 3869 947 3941 quarn
968 3869 1054 3944 ego:
1076 3859 1113 3923 et
1127 3847 1258 3921 dicitur
1277 3847 1417 3921 Alcides
1436 3849 1540 3940 quasi
1559 3849 1633 3923 vir-

462 3982 591 4048 tuosus
615 3977 652 4046 et
678 3973 881 4045 formosus:
908 3973 1049 4060 quaudo
1072 3971 1151 4042 3113
1166 3973 1243 4041 Jole
1259 3972 1413 4041 mollinse
1438 3974 1494 4042 nel
1517 3992 1632 4044 cuore.

459 4097 604 4166 -Noo
632 4085 730 4183 perd.
765 4091 830 4164 llic
863 4089 997 4164 Fuluus
1033 4095 1198 4163 removet
1230 4110 1339 4162 unam
1370 4089 1631 4164 dubitationem

461 4233 545 4307 quae
572 4212 716 4286 videtur
743 4211 839 4285 nasci
866 4231 910 4284 ex
941 4209 1061 4284 verhis
1079 4210 1176 4283 eius:
1196 4216 1316 4302 posset
1334 4210 1431 4284 enim
1450 4217 1559 4283 autor
1579 4209 1634 4281 di-
1695 4287 1697 4292 .

460 4353 566 4407 cere:
594 4331 780 4425 quomodo
807 4339 844 4403 tu
872 4330 1003 4404 heatus
1029 4330 1064 4402 in
1091 4331 1157 4404 ista
1180 4350 1288 4423 spera
1319 4330 1455 4404 coelesti
1481 4351 1634 4405 enarras

522 4516 551 4576 ζ’]
568 4515 598 4565 E.
616 4515 738 4573 Troiani:
755 4519 877 4565 attamen.
1082 4515 1110 4576 Γ)
1127 4514 1157 4563 E.
1174 4515 1276 4564 tandem
1293 4515 1346 4576 ipsa
1362 4521 1388 4566 et
1404 4516 1509 4566 amoris.

525 4591 552 4654 (¹)
569 4591 600 4642 lt.
616 4593 641 4640 in
659 4596 769 4642 tautum.
1083 4590 1110 4652 (¹)
1126 4589 1157 4640 E.
1173 4603 1189 4640 e
1204 4595 1228 4651 t,
1244 4591 1344 4654 supple,
1361 4593 1450 4656 magis.
