<?xml version="1.0" encoding="UTF-8"?>
<!DOCTYPE html PUBLIC "-//W3C//DTD XHTML 1.0 Transitional//EN"
    "http://www.w3.org/TR/xhtml1/DTD/xhtml1-transitional.dtd">
<html xmlns="http://www.w3.org/1999/xhtml" xml:lang="en" lang="en">
 <head>
  <title>
</title>
<meta http-equiv="Content-Type" content="text/html;charset=utf-8" />
  <meta name='ocr-system' content='tesseract 3.04.00' />
  <meta name='ocr-capabilities' content='ocr_page ocr_carea ocr_par ocr_line ocrx_word'/>
</head>
<body>
  <div class='ocr_page' id='page_1' title='image "benevenutideram04benvgoog_0018.png"; bbox 0 0 3746 5680; ppageno 0'>
   <div class='ocr_carea' id='block_1_1' title="bbox 675 540 1405 609">
    <p class='ocr_par' dir='ltr' id='par_1_1' title="bbox 675 540 1405 609">
     <span class='ocr_line' id='line_1_1' title="bbox 675 540 1405 609; baseline -0.001 0"><span class='ocrx_word' id='word_1_1' title='bbox 675 555 813 609; x_wconf 74' lang='lat' dir='ltr'><strong>cunnus</strong></span> <span class='ocrx_word' id='word_1_2' title='bbox 837 553 966 608; x_wconf 80' lang='lat' dir='ltr'><strong>nonus.</strong></span> <span class='ocrx_word' id='word_1_3' title='bbox 1383 540 1405 608; x_wconf 80' lang='lat'><strong>³</strong></span> 
     </span>
    </p>
   </div>
   <div class='ocr_carea' id='block_1_2' title="bbox 228 697 1409 4504">
    <p class='ocr_par' dir='ltr' id='par_1_2' title="bbox 228 697 1409 4504">
     <span class='ocr_line' id='line_1_2' title="bbox 231 697 1406 772; baseline -0.002 0"><span class='ocrx_word' id='word_1_4' title='bbox 231 697 332 772; x_wconf 84' lang='lat' dir='ltr'><strong>mani</strong></span> <span class='ocrx_word' id='word_1_5' title='bbox 357 717 464 772; x_wconf 90' lang='lat' dir='ltr'><strong>suam</strong></span> <span class='ocrx_word' id='word_1_6' title='bbox 490 697 637 772; x_wconf 85' lang='lat' dir='ltr'><strong>Floram</strong></span> <span class='ocrx_word' id='word_1_7' title='bbox 659 697 961 771; x_wconf 80' lang='lat' dir='ltr'><strong>formosissimam</strong></span> <span class='ocrx_word' id='word_1_8' title='bbox 986 703 1023 770; x_wconf 94' lang='lat' dir='ltr'><strong>et</strong></span> <span class='ocrx_word' id='word_1_9' title='bbox 1048 697 1260 771; x_wconf 90' lang='lat' dir='ltr'><strong>ditissimam</strong></span> <span class='ocrx_word' id='word_1_10' title='bbox 1282 716 1406 770; x_wconf 86' lang='lat' dir='ltr'><strong>mere-</strong></span> 
     </span>
     <span class='ocr_line' id='line_1_3' title="bbox 231 816 1406 912; baseline -0.003 -20"><span class='ocrx_word' id='word_1_11' title='bbox 231 818 373 911; x_wconf 81' lang='lat' dir='ltr'><strong>tricem,</strong></span> <span class='ocrx_word' id='word_1_12' title='bbox 408 822 546 911; x_wconf 89' lang='lat' dir='ltr'><strong>quanto</strong></span> <span class='ocrx_word' id='word_1_13' title='bbox 576 816 721 912; x_wconf 80' lang='lat' dir='ltr'><strong>dignius</strong></span> <span class='ocrx_word' id='word_1_14' title='bbox 755 822 792 890; x_wconf 91' lang='lat' dir='ltr'><strong>et</strong></span> <span class='ocrx_word' id='word_1_15' title='bbox 823 817 1012 890; x_wconf 79' lang='lat' dir='ltr'><strong>honestius</strong></span> <span class='ocrx_word' id='word_1_16' title='bbox 1046 823 1153 912; x_wconf 88' lang='lat' dir='ltr'><strong>poeta</strong></span> <span class='ocrx_word' id='word_1_17' title='bbox 1186 816 1406 891; x_wconf 88' lang='lat' dir='ltr'><strong>christianus</strong></span> 
     </span>
     <span class='ocr_line' id='line_1_4' title="bbox 232 933 1405 1033; baseline -0.002 -23"><span class='ocrx_word' id='word_1_18' title='bbox 232 938 348 1033; x_wconf 91' lang='lat' dir='ltr'><strong>potuit</strong></span> <span class='ocrx_word' id='word_1_19' title='bbox 373 937 516 1011; x_wconf 89' lang='lat' dir='ltr'><strong>salvare</strong></span> <span class='ocrx_word' id='word_1_20' title='bbox 542 935 751 1010; x_wconf 81' lang='lat' dir='ltr'><strong>Cunitiami</strong></span> <span class='ocrx_word' id='word_1_21' title='bbox 777 935 869 1009; x_wconf 83' lang='lat' dir='ltr'><strong>Dicit</strong></span> <span class='ocrx_word' id='word_1_22' title='bbox 894 955 985 1032; x_wconf 83' lang='lat' dir='ltr'><strong>ergo</strong></span> <span class='ocrx_word' id='word_1_23' title='bbox 1018 936 1213 1010; x_wconf 89' lang='lat' dir='ltr'><strong>ostendens</strong></span> <span class='ocrx_word' id='word_1_24' title='bbox 1241 933 1405 1010; x_wconf 84' lang='lat' dir='ltr'><strong>allectio·</strong></span> 
     </span>
     <span class='ocr_line' id='line_1_5' title="bbox 232 1057 1405 1153; baseline -0.002 -23"><span class='ocrx_word' id='word_1_25' title='bbox 232 1077 315 1132; x_wconf 91' lang='lat' dir='ltr'><strong>nem</strong></span> <span class='ocrx_word' id='word_1_26' title='bbox 342 1078 448 1131; x_wconf 88' lang='lat' dir='ltr'><strong>suam</strong></span> <span class='ocrx_word' id='word_1_27' title='bbox 474 1077 566 1153; x_wconf 81' lang='lat' dir='ltr'><strong>erga</strong></span> <span class='ocrx_word' id='word_1_28' title='bbox 591 1076 650 1130; x_wconf 83' lang='lat' dir='ltr'><strong>se:</strong></span> <span class='ocrx_word' id='word_1_29' title='bbox 677 1059 732 1130; x_wconf 78' lang='lat' dir='ltr'><strong>Ed</strong></span> <span class='ocrx_word' id='word_1_30' title='bbox 756 1075 834 1128; x_wconf 85' lang='lat' dir='ltr'><strong>ccco</strong></span> <span class='ocrx_word' id='word_1_31' title='bbox 851 1077 900 1132; x_wconf 82' lang='lat' dir='ltr'><strong>on</strong></span> <span class='ocrx_word' id='word_1_32' title='bbox 917 1059 1011 1129; x_wconf 70' lang='lat' dir='ltr'><strong>miro</strong></span> <span class='ocrx_word' id='word_1_33' title='bbox 1030 1059 1067 1130; x_wconf 85' lang='lat' dir='ltr'><strong>di</strong></span> <span class='ocrx_word' id='word_1_34' title='bbox 1089 1059 1191 1149; x_wconf 81' lang='lat' dir='ltr'><strong>poelli</strong></span> <span class='ocrx_word' id='word_1_35' title='bbox 1213 1057 1405 1150; x_wconf 66' lang='lat' dir='ltr'><strong>splendori,</strong></span> 
     </span>
     <span class='ocr_line' id='line_1_6' title="bbox 232 1171 1405 1272; baseline -0.001 -24"><span class='ocrx_word' id='word_1_36' title='bbox 232 1176 334 1270; x_wconf 88' lang='lat' dir='ltr'><strong>idest,</strong></span> <span class='ocrx_word' id='word_1_37' title='bbox 361 1177 555 1272; x_wconf 79' lang='lat' dir='ltr'><strong>spirituum</strong></span> <span class='ocrx_word' id='word_1_38' title='bbox 581 1175 866 1270; x_wconf 88' lang='lat' dir='ltr'><strong>splendidorum,</strong></span> <span class='ocrx_word' id='word_1_39' title='bbox 893 1171 954 1248; x_wconf 76' lang='lat' dir='ltr'><strong>atr</strong></span> <span class='ocrx_word' id='word_1_40' title='bbox 972 1196 1025 1249; x_wconf 79' lang='lat' dir='ltr'><strong>me</strong></span> <span class='ocrx_word' id='word_1_41' title='bbox 1041 1179 1073 1247; x_wconf 84' lang='lat' dir='ltr'><strong>st</strong></span> <span class='ocrx_word' id='word_1_42' title='bbox 1090 1180 1177 1268; x_wconf 82' lang='lat' dir='ltr'><strong>soce,</strong></span> <span class='ocrx_word' id='word_1_43' title='bbox 1195 1174 1326 1248; x_wconf 82' lang='lat' dir='ltr'><strong>Carolo</strong></span> <span class='ocrx_word' id='word_1_44' title='bbox 1345 1194 1405 1247; x_wconf 91' lang='lat' dir='ltr'><strong>re·</strong></span> 
     </span>
     <span class='ocr_line' id='line_1_7' title="bbox 233 1294 1405 1388; baseline -0.001 -19"><span class='ocrx_word' id='word_1_45' title='bbox 233 1295 398 1388; x_wconf 87' lang='lat' dir='ltr'><strong>cedente,</strong></span> <span class='ocrx_word' id='word_1_46' title='bbox 423 1318 442 1368; x_wconf 85' lang='lat' dir='ltr'><strong>c</strong></span> <span class='ocrx_word' id='word_1_47' title='bbox 465 1297 673 1388; x_wconf 71' lang='lat' dir='ltr'><strong>stpmficooc</strong></span> <span class='ocrx_word' id='word_1_48' title='bbox 696 1297 724 1367; x_wconf 85' lang='lat' dir='ltr'><strong>tl</strong></span> <span class='ocrx_word' id='word_1_49' title='bbox 745 1314 809 1366; x_wconf 81' lang='lat' dir='ltr'><strong>suo</strong></span> <span class='ocrx_word' id='word_1_50' title='bbox 836 1297 932 1366; x_wconf 80' lang='lat' dir='ltr'><strong>votor</strong></span> <span class='ocrx_word' id='word_1_51' title='bbox 953 1297 1142 1388; x_wconf 74' lang='lat' dir='ltr'><strong>ptocermi5</strong></span> <span class='ocrx_word' id='word_1_52' title='bbox 1167 1295 1235 1369; x_wconf 88' lang='lat' dir='ltr'><strong>ista</strong></span> <span class='ocrx_word' id='word_1_53' title='bbox 1257 1294 1405 1368; x_wconf 91' lang='lat' dir='ltr'><strong>domina</strong></span> 
     </span>
     <span class='ocr_line' id='line_1_8' title="bbox 233 1414 1406 1508; baseline 0 -22"><span class='ocrx_word' id='word_1_54' title='bbox 233 1414 473 1508; x_wconf 88' lang='lat' dir='ltr'><strong>placidissima</strong></span> <span class='ocrx_word' id='word_1_55' title='bbox 498 1416 565 1489; x_wconf 87' lang='lat' dir='ltr'><strong>luit</strong></span> <span class='ocrx_word' id='word_1_56' title='bbox 585 1415 622 1489; x_wconf 95' lang='lat' dir='ltr'><strong>in</strong></span> <span class='ocrx_word' id='word_1_57' title='bbox 643 1416 717 1489; x_wconf 85' lang='lat' dir='ltr'><strong>vita</strong></span> <span class='ocrx_word' id='word_1_58' title='bbox 738 1414 895 1508; x_wconf 86' lang='lat' dir='ltr'><strong>mortali,</strong></span> <span class='ocrx_word' id='word_1_59' title='bbox 915 1418 974 1487; x_wconf 79' lang='lat' dir='ltr'><strong>nel</strong></span> <span class='ocrx_word' id='word_1_60' title='bbox 987 1417 1121 1488; x_wconf 57' lang='lat' dir='ltr'><strong>cltum</strong></span> <span class='ocrx_word' id='word_1_61' title='bbox 1137 1417 1175 1488; x_wconf 87' lang='lat' dir='ltr'><strong>di</strong></span> <span class='ocrx_word' id='word_1_62' title='bbox 1186 1417 1298 1508; x_wconf 64' lang='lat' dir='ltr'><strong>filant,</strong></span> <span class='ocrx_word' id='word_1_63' title='bbox 1315 1414 1406 1488; x_wconf 86' lang='lat' dir='ltr'><strong>idest</strong></span> 
     </span>
     <span class='ocr_line' id='line_1_9' title="bbox 233 1533 1404 1629; baseline -0.001 -22"><span class='ocrx_word' id='word_1_64' title='bbox 233 1533 269 1607; x_wconf 94' lang='lat' dir='ltr'><strong>in</strong></span> <span class='ocrx_word' id='word_1_65' title='bbox 295 1534 461 1609; x_wconf 88' lang='lat' dir='ltr'><strong>claritate</strong></span> <span class='ocrx_word' id='word_1_66' title='bbox 487 1533 673 1627; x_wconf 81' lang='lat' dir='ltr'><strong>exteriori,</strong></span> <span class='ocrx_word' id='word_1_67' title='bbox 692 1533 779 1628; x_wconf 85' lang='lat' dir='ltr'><strong>quia</strong></span> <span class='ocrx_word' id='word_1_68' title='bbox 797 1533 914 1629; x_wconf 84' lang='lat' dir='ltr'><strong>magis</strong></span> <span class='ocrx_word' id='word_1_69' title='bbox 931 1533 1145 1608; x_wconf 83' lang='lat' dir='ltr'><strong>scintillabat</strong></span> <span class='ocrx_word' id='word_1_70' title='bbox 1161 1555 1274 1627; x_wconf 83' lang='lat' dir='ltr'><strong>quam</strong></span> <span class='ocrx_word' id='word_1_71' title='bbox 1292 1533 1404 1629; x_wconf 89' lang='lat' dir='ltr'><strong>prius.</strong></span> 
     </span>
     <span class='ocr_line' id='line_1_10' title="bbox 233 1653 1405 1749; baseline 0.001 -23"><span class='ocrx_word' id='word_1_72' title='bbox 233 1653 275 1726; x_wconf 82' lang='lat' dir='ltr'><strong>ut</strong></span> <span class='ocrx_word' id='word_1_73' title='bbox 306 1655 427 1728; x_wconf 91' lang='lat' dir='ltr'><strong>subdit</strong></span> <span class='ocrx_word' id='word_1_74' title='bbox 464 1654 563 1749; x_wconf 92' lang='lat' dir='ltr'><strong>quod</strong></span> <span class='ocrx_word' id='word_1_75' title='bbox 599 1653 755 1728; x_wconf 90' lang='lat' dir='ltr'><strong>obtinuit</strong></span> <span class='ocrx_word' id='word_1_76' title='bbox 787 1653 968 1727; x_wconf 83' lang='lat' dir='ltr'><strong>licentiam</strong></span> <span class='ocrx_word' id='word_1_77' title='bbox 1008 1654 1180 1746; x_wconf 85' lang='lat' dir='ltr'><strong>loquendi</strong></span> <span class='ocrx_word' id='word_1_78' title='bbox 1214 1674 1300 1727; x_wconf 90' lang='lat' dir='ltr'><strong>cum</strong></span> <span class='ocrx_word' id='word_1_79' title='bbox 1334 1653 1405 1747; x_wconf 89' lang='lat' dir='ltr'><strong>illa,</strong></span> 
     </span>
     <span class='ocr_line' id='line_1_11' title="bbox 232 1772 1405 1864; baseline 0 -18"><span class='ocrx_word' id='word_1_80' title='bbox 232 1772 377 1848; x_wconf 90' lang='lat' dir='ltr'><strong>dicens:</strong></span> <span class='ocrx_word' id='word_1_81' title='bbox 403 1777 453 1864; x_wconf 76' lang='lat' dir='ltr'><strong>pli</strong></span> <span class='ocrx_word' id='word_1_82' title='bbox 477 1775 573 1846; x_wconf 78' lang='lat' dir='ltr'><strong>occltt</strong></span> <span class='ocrx_word' id='word_1_83' title='bbox 596 1775 633 1846; x_wconf 81' lang='lat' dir='ltr'><strong>di</strong></span> <span class='ocrx_word' id='word_1_84' title='bbox 662 1775 816 1845; x_wconf 79' lang='lat' dir='ltr'><strong>doctrice</strong></span> <span class='ocrx_word' id='word_1_85' title='bbox 840 1773 891 1844; x_wconf 81' lang='lat' dir='ltr'><strong>ct&#39;</strong></span> <span class='ocrx_word' id='word_1_86' title='bbox 905 1791 995 1844; x_wconf 71' lang='lat' dir='ltr'><strong>man</strong></span> <span class='ocrx_word' id='word_1_87' title='bbox 1015 1775 1132 1864; x_wconf 70' lang='lat' dir='ltr'><strong>smmi,</strong></span> <span class='ocrx_word' id='word_1_88' title='bbox 1154 1772 1246 1846; x_wconf 93' lang='lat' dir='ltr'><strong>idest</strong></span> <span class='ocrx_word' id='word_1_89' title='bbox 1270 1773 1405 1846; x_wconf 88' lang='lat' dir='ltr'><strong>firmati</strong></span> 
     </span>
     <span class='ocr_line' id='line_1_12' title="bbox 233 1891 1406 1987; baseline -0.001 -21"><span class='ocrx_word' id='word_1_90' title='bbox 233 1898 270 1966; x_wconf 88' lang='lat' dir='ltr'><strong>et</strong></span> <span class='ocrx_word' id='word_1_91' title='bbox 295 1892 369 1986; x_wconf 82' lang='lat' dir='ltr'><strong>fixi,</strong></span> <span class='ocrx_word' id='word_1_92' title='bbox 387 1893 473 1987; x_wconf 90' lang='lat' dir='ltr'><strong>quia</strong></span> <span class='ocrx_word' id='word_1_93' title='bbox 498 1893 574 1986; x_wconf 86' lang='lat' dir='ltr'><strong>ipsa</strong></span> <span class='ocrx_word' id='word_1_94' title='bbox 596 1911 668 1965; x_wconf 95' lang='lat' dir='ltr'><strong>non</strong></span> <span class='ocrx_word' id='word_1_95' title='bbox 686 1892 902 1965; x_wconf 88' lang='lat' dir='ltr'><strong>removebat</strong></span> <span class='ocrx_word' id='word_1_96' title='bbox 927 1911 991 1965; x_wconf 91' lang='lat' dir='ltr'><strong>eos</strong></span> <span class='ocrx_word' id='word_1_97' title='bbox 1016 1911 1039 1964; x_wconf 85' lang='lat' dir='ltr'><strong>a</strong></span> <span class='ocrx_word' id='word_1_98' title='bbox 1065 1911 1155 1964; x_wconf 88' lang='lat' dir='ltr'><strong>cura</strong></span> <span class='ocrx_word' id='word_1_99' title='bbox 1184 1891 1275 1985; x_wconf 90' lang='lat' dir='ltr'><strong>eius,</strong></span> <span class='ocrx_word' id='word_1_100' title='bbox 1298 1895 1406 1984; x_wconf 70' lang='lat' dir='ltr'><strong>smmi</strong></span> 
     </span>
     <span class='ocr_line' id='line_1_13' title="bbox 231 2010 1406 2104; baseline -0.002 -20"><span class='ocrx_word' id='word_1_101' title='bbox 231 2014 429 2104; x_wconf 81' lang='lat' dir='ltr'><strong>certificato,</strong></span> <span class='ocrx_word' id='word_1_102' title='bbox 456 2011 557 2104; x_wconf 82' lang='lat' dir='ltr'><strong>idest,</strong></span> <span class='ocrx_word' id='word_1_103' title='bbox 584 2010 751 2084; x_wconf 88' lang='lat' dir='ltr'><strong>iecerunt</strong></span> <span class='ocrx_word' id='word_1_104' title='bbox 787 2030 847 2084; x_wconf 91' lang='lat' dir='ltr'><strong>me</strong></span> <span class='ocrx_word' id='word_1_105' title='bbox 879 2011 1130 2103; x_wconf 87' lang='lat' dir='ltr'><strong>certioratum,</strong></span> <span class='ocrx_word' id='word_1_106' title='bbox 1162 2013 1200 2082; x_wconf 87' lang='lat' dir='ltr'><strong>dt</strong></span> <span class='ocrx_word' id='word_1_107' title='bbox 1231 2032 1319 2083; x_wconf 89' lang='lat' dir='ltr'><strong>coro</strong></span> <span class='ocrx_word' id='word_1_108' title='bbox 1345 2031 1406 2083; x_wconf 76' lang='lat' dir='ltr'><strong>uo-</strong></span> 
     </span>
     <span class='ocr_line' id='line_1_14' title="bbox 232 2129 1405 2226; baseline -0.003 -22"><span class='ocrx_word' id='word_1_109' title='bbox 232 2153 345 2225; x_wconf 77' lang='lat' dir='ltr'><strong>senso,</strong></span> <span class='ocrx_word' id='word_1_110' title='bbox 373 2131 476 2224; x_wconf 88' lang='lat' dir='ltr'><strong>idest,</strong></span> <span class='ocrx_word' id='word_1_111' title='bbox 502 2135 609 2226; x_wconf 81' lang='lat' dir='ltr'><strong>grato</strong></span> <span class='ocrx_word' id='word_1_112' title='bbox 635 2149 828 2222; x_wconf 89' lang='lat' dir='ltr'><strong>consensu,</strong></span> <span class='ocrx_word' id='word_1_113' title='bbox 847 2130 934 2224; x_wconf 85' lang='lat' dir='ltr'><strong>quia</strong></span> <span class='ocrx_word' id='word_1_114' title='bbox 955 2129 1186 2204; x_wconf 90' lang='lat' dir='ltr'><strong>conniventia</strong></span> <span class='ocrx_word' id='word_1_115' title='bbox 1207 2131 1405 2203; x_wconf 91' lang='lat' dir='ltr'><strong>oculorum</strong></span> 
     </span>
     <span class='ocr_line' id='line_1_15' title="bbox 232 2247 1407 2343; baseline -0.002 -19"><span class='ocrx_word' id='word_1_116' title='bbox 232 2251 339 2324; x_wconf 83' lang='lat' dir='ltr'><strong>dixit:</strong></span> <span class='ocrx_word' id='word_1_117' title='bbox 366 2252 519 2342; x_wconf 89' lang='lat' dir='ltr'><strong>loquere</strong></span> <span class='ocrx_word' id='word_1_118' title='bbox 536 2268 676 2342; x_wconf 90' lang='lat' dir='ltr'><strong>secum,</strong></span> <span class='ocrx_word' id='word_1_119' title='bbox 694 2252 733 2322; x_wconf 89' lang='lat' dir='ltr'><strong>al</strong></span> <span class='ocrx_word' id='word_1_120' title='bbox 747 2252 817 2322; x_wconf 82' lang='lat' dir='ltr'><strong>roto</strong></span> <span class='ocrx_word' id='word_1_121' title='bbox 833 2251 936 2342; x_wconf 77' lang='lat' dir='ltr'><strong>disto,</strong></span> <span class='ocrx_word' id='word_1_122' title='bbox 960 2249 1064 2341; x_wconf 91' lang='lat' dir='ltr'><strong>idest,</strong></span> <span class='ocrx_word' id='word_1_123' title='bbox 1081 2248 1284 2323; x_wconf 89' lang='lat' dir='ltr'><strong>secundum</strong></span> <span class='ocrx_word' id='word_1_124' title='bbox 1307 2247 1407 2343; x_wconf 91' lang='lat' dir='ltr'><strong>quod</strong></span> 
     </span>
     <span class='ocr_line' id='line_1_16' title="bbox 233 2367 1407 2464; baseline -0.003 -19"><span class='ocrx_word' id='word_1_125' title='bbox 233 2370 497 2464; x_wconf 88' lang='lat' dir='ltr'><strong>desiderabam,</strong></span> <span class='ocrx_word' id='word_1_126' title='bbox 511 2390 607 2442; x_wconf 68' lang='lat' dir='ltr'><strong>conec</strong></span> <span class='ocrx_word' id='word_1_127' title='bbox 617 2371 718 2462; x_wconf 86' lang='lat' dir='ltr'><strong>prta,</strong></span> <span class='ocrx_word' id='word_1_128' title='bbox 732 2368 833 2462; x_wconf 90' lang='lat' dir='ltr'><strong>idest,</strong></span> <span class='ocrx_word' id='word_1_129' title='bbox 848 2369 942 2443; x_wconf 88' lang='lat' dir='ltr'><strong>sicut</strong></span> <span class='ocrx_word' id='word_1_130' title='bbox 958 2369 1061 2464; x_wconf 93' lang='lat' dir='ltr'><strong>prius</strong></span> <span class='ocrx_word' id='word_1_131' title='bbox 1079 2369 1242 2443; x_wconf 80' lang='lat' dir='ltr'><strong>fecerant</strong></span> <span class='ocrx_word' id='word_1_132' title='bbox 1259 2367 1407 2460; x_wconf 86' lang='lat' dir='ltr'><strong>quaudo</strong></span> 
     </span>
     <span class='ocr_line' id='line_1_17' title="bbox 237 2485 1408 2586; baseline -0.004 -23"><span class='ocrx_word' id='word_1_133' title='bbox 237 2491 355 2586; x_wconf 95' lang='lat' dir='ltr'><strong>primo</strong></span> <span class='ocrx_word' id='word_1_134' title='bbox 373 2491 548 2582; x_wconf 89' lang='lat' dir='ltr'><strong>loquutus</strong></span> <span class='ocrx_word' id='word_1_135' title='bbox 566 2488 616 2561; x_wconf 87' lang='lat' dir='ltr'><strong>sui</strong></span> <span class='ocrx_word' id='word_1_136' title='bbox 635 2488 766 2564; x_wconf 89' lang='lat' dir='ltr'><strong>Carolo</strong></span> <span class='ocrx_word' id='word_1_137' title='bbox 784 2510 904 2582; x_wconf 86' lang='lat' dir='ltr'><strong>supra.</strong></span> <span class='ocrx_word' id='word_1_138' title='bbox 920 2529 969 2542; x_wconf 92' lang='lat'><em>-</em></span> <span class='ocrx_word' id='word_1_139' title='bbox 982 2491 1067 2560; x_wconf 83' lang='lat' dir='ltr'><strong>Det.</strong></span> <span class='ocrx_word' id='word_1_140' title='bbox 1094 2488 1159 2562; x_wconf 89' lang='lat' dir='ltr'><strong>llic</strong></span> <span class='ocrx_word' id='word_1_141' title='bbox 1179 2494 1289 2562; x_wconf 91' lang='lat' dir='ltr'><strong>autor</strong></span> <span class='ocrx_word' id='word_1_142' title='bbox 1306 2485 1408 2582; x_wconf 91' lang='lat' dir='ltr'><strong>ponit</strong></span> 
     </span>
     <span class='ocr_line' id='line_1_18' title="bbox 233 2606 1408 2704; baseline -0.003 -20"><span class='ocrx_word' id='word_1_143' title='bbox 233 2631 339 2684; x_wconf 89' lang='lat' dir='ltr'><strong>suam</strong></span> <span class='ocrx_word' id='word_1_144' title='bbox 365 2608 570 2692; x_wconf 82' lang='lat' dir='ltr'><strong>orationem</strong></span> <span class='ocrx_word' id='word_1_145' title='bbox 586 2609 633 2683; x_wconf 89' lang='lat' dir='ltr'><strong>ad</strong></span> <span class='ocrx_word' id='word_1_146' title='bbox 649 2609 787 2683; x_wconf 92' lang='lat' dir='ltr'><strong>dictum</strong></span> <span class='ocrx_word' id='word_1_147' title='bbox 813 2610 994 2704; x_wconf 90' lang='lat' dir='ltr'><strong>spiritum,</strong></span> <span class='ocrx_word' id='word_1_148' title='bbox 1011 2610 1153 2685; x_wconf 90' lang='lat' dir='ltr'><strong>dicens:</strong></span> <span class='ocrx_word' id='word_1_149' title='bbox 1177 2612 1285 2701; x_wconf 83' lang='lat' dir='ltr'><strong>Dissi,</strong></span> <span class='ocrx_word' id='word_1_150' title='bbox 1313 2606 1408 2682; x_wconf 92' lang='lat' dir='ltr'><strong>scili-</strong></span> 
     </span>
     <span class='ocr_line' id='line_1_19' title="bbox 234 2730 1409 2826; baseline -0.003 -21"><span class='ocrx_word' id='word_1_151' title='bbox 234 2738 303 2824; x_wconf 91' lang='lat' dir='ltr'><strong>cet,</strong></span> <span class='ocrx_word' id='word_1_152' title='bbox 330 2751 400 2826; x_wconf 83' lang='lat' dir='ltr'><strong>ego</strong></span> <span class='ocrx_word' id='word_1_153' title='bbox 425 2730 578 2803; x_wconf 77' lang='lat' dir='ltr'><strong>Dentes:</strong></span> <span class='ocrx_word' id='word_1_154' title='bbox 605 2750 628 2801; x_wconf 95' lang='lat' dir='ltr'><strong>o</strong></span> <span class='ocrx_word' id='word_1_155' title='bbox 652 2731 752 2802; x_wconf 83' lang='lat' dir='ltr'><strong>beato</strong></span> <span class='ocrx_word' id='word_1_156' title='bbox 777 2735 901 2823; x_wconf 83' lang='lat' dir='ltr'><strong>sptrto,</strong></span> <span class='ocrx_word' id='word_1_157' title='bbox 927 2731 1093 2825; x_wconf 88' lang='lat' dir='ltr'><strong>quisquis</strong></span> <span class='ocrx_word' id='word_1_158' title='bbox 1119 2731 1178 2824; x_wconf 93' lang='lat' dir='ltr'><strong>sis,</strong></span> <span class='ocrx_word' id='word_1_159' title='bbox 1203 2733 1291 2805; x_wconf 81' lang='lat' dir='ltr'><strong>dell</strong></span> <span class='ocrx_word' id='word_1_160' title='bbox 1316 2733 1409 2802; x_wconf 82' lang='lat' dir='ltr'><strong>motti</strong></span> 
     </span>
     <span class='ocr_line' id='line_1_20' title="bbox 233 2848 1406 2944; baseline -0.001 -21"><span class='ocrx_word' id='word_1_161' title='bbox 233 2857 319 2923; x_wconf 86' lang='lat' dir='ltr'><strong>tosto</strong></span> <span class='ocrx_word' id='word_1_162' title='bbox 343 2871 539 2942; x_wconf 83' lang='lat' dir='ltr'><strong>compenso,</strong></span> <span class='ocrx_word' id='word_1_163' title='bbox 567 2848 669 2942; x_wconf 89' lang='lat' dir='ltr'><strong>idest,</strong></span> <span class='ocrx_word' id='word_1_164' title='bbox 698 2850 915 2944; x_wconf 91' lang='lat' dir='ltr'><strong>remedium,</strong></span> <span class='ocrx_word' id='word_1_165' title='bbox 941 2855 980 2924; x_wconf 90' lang='lat' dir='ltr'><strong>ol</strong></span> <span class='ocrx_word' id='word_1_166' title='bbox 1004 2854 1073 2924; x_wconf 86' lang='lat' dir='ltr'><strong>mio</strong></span> <span class='ocrx_word' id='word_1_167' title='bbox 1100 2853 1210 2942; x_wconf 82' lang='lat' dir='ltr'><strong>color,</strong></span> <span class='ocrx_word' id='word_1_168' title='bbox 1239 2849 1339 2943; x_wconf 91' lang='lat' dir='ltr'><strong>quod</strong></span> <span class='ocrx_word' id='word_1_169' title='bbox 1366 2854 1406 2922; x_wconf 92' lang='lat' dir='ltr'><strong>tu</strong></span> 
     </span>
     <span class='ocr_line' id='line_1_21' title="bbox 233 2969 1408 3064; baseline -0.003 -20"><span class='ocrx_word' id='word_1_170' title='bbox 233 2971 326 3044; x_wconf 91' lang='lat' dir='ltr'><strong>bene</strong></span> <span class='ocrx_word' id='word_1_171' title='bbox 357 2971 462 3062; x_wconf 89' lang='lat' dir='ltr'><strong>nosti,</strong></span> <span class='ocrx_word' id='word_1_172' title='bbox 495 2991 514 3042; x_wconf 88' lang='lat' dir='ltr'><strong>e</strong></span> <span class='ocrx_word' id='word_1_173' title='bbox 544 2972 670 3063; x_wconf 79' lang='lat' dir='ltr'><strong>sommi</strong></span> <span class='ocrx_word' id='word_1_174' title='bbox 696 2991 850 3062; x_wconf 83' lang='lat' dir='ltr'><strong>pruoon,</strong></span> <span class='ocrx_word' id='word_1_175' title='bbox 879 2970 970 3044; x_wconf 92' lang='lat' dir='ltr'><strong>idest</strong></span> <span class='ocrx_word' id='word_1_176' title='bbox 1001 2969 1278 3064; x_wconf 85' lang='lat' dir='ltr'><strong>experientiam,</strong></span> <span class='ocrx_word' id='word_1_177' title='bbox 1309 2971 1359 3042; x_wconf 84' lang='lat' dir='ltr'><strong>ct&#39;</strong></span> <span class='ocrx_word' id='word_1_178' title='bbox 1372 2971 1408 3040; x_wconf 84' lang='lat' dir='ltr'><strong>to</strong></span> 
     </span>
     <span class='ocr_line' id='line_1_22' title="bbox 228 3088 1407 3184; baseline 0 -23"><span class='ocrx_word' id='word_1_179' title='bbox 228 3109 337 3182; x_wconf 82' lang='lat' dir='ltr'><strong>possa</strong></span> <span class='ocrx_word' id='word_1_180' title='bbox 355 3093 393 3162; x_wconf 83' lang='lat' dir='ltr'><strong>in</strong></span> <span class='ocrx_word' id='word_1_181' title='bbox 412 3097 443 3162; x_wconf 88' lang='lat' dir='ltr'><strong>tc</strong></span> <span class='ocrx_word' id='word_1_182' title='bbox 461 3093 601 3182; x_wconf 75' lang='lat' dir='ltr'><strong>rislettcr</strong></span> <span class='ocrx_word' id='word_1_183' title='bbox 618 3093 697 3181; x_wconf 80' lang='lat' dir='ltr'><strong>quel</strong></span> <span class='ocrx_word' id='word_1_184' title='bbox 713 3092 805 3162; x_wconf 82' lang='lat' dir='ltr'><strong>ct&#39;io</strong></span> <span class='ocrx_word' id='word_1_185' title='bbox 822 3112 951 3183; x_wconf 68' lang='lat' dir='ltr'><strong>perum</strong></span> <span class='ocrx_word' id='word_1_186' title='bbox 966 3091 1070 3184; x_wconf 89' lang='lat' dir='ltr'><strong>quasi</strong></span> <span class='ocrx_word' id='word_1_187' title='bbox 1093 3090 1209 3164; x_wconf 88' lang='lat' dir='ltr'><strong>dicat:</strong></span> <span class='ocrx_word' id='word_1_188' title='bbox 1230 3089 1288 3163; x_wconf 92' lang='lat' dir='ltr'><strong>dic</strong></span> <span class='ocrx_word' id='word_1_189' title='bbox 1308 3088 1407 3180; x_wconf 92' lang='lat' dir='ltr'><strong>mihi,</strong></span> 
     </span>
     <span class='ocr_line' id='line_1_23' title="bbox 233 3203 1408 3305; baseline 0 -23"><span class='ocrx_word' id='word_1_190' title='bbox 233 3228 324 3305; x_wconf 82' lang='lat' dir='ltr'><strong>rogo</strong></span> <span class='ocrx_word' id='word_1_191' title='bbox 350 3217 397 3302; x_wconf 88' lang='lat' dir='ltr'><strong>to,</strong></span> <span class='ocrx_word' id='word_1_192' title='bbox 424 3211 505 3303; x_wconf 90' lang='lat' dir='ltr'><strong>quis</strong></span> <span class='ocrx_word' id='word_1_193' title='bbox 523 3203 560 3302; x_wconf 79' lang='lat'><strong>(⁴)</strong></span> <span class='ocrx_word' id='word_1_194' title='bbox 587 3231 639 3304; x_wconf 90' lang='lat' dir='ltr'><strong>es,</strong></span> <span class='ocrx_word' id='word_1_195' title='bbox 665 3210 715 3284; x_wconf 90' lang='lat' dir='ltr'><strong>ita</strong></span> <span class='ocrx_word' id='word_1_196' title='bbox 750 3210 849 3303; x_wconf 88' lang='lat' dir='ltr'><strong>quod</strong></span> <span class='ocrx_word' id='word_1_197' title='bbox 884 3211 1018 3305; x_wconf 90' lang='lat' dir='ltr'><strong>possim</strong></span> <span class='ocrx_word' id='word_1_198' title='bbox 1053 3210 1199 3305; x_wconf 92' lang='lat' dir='ltr'><strong>aperire</strong></span> <span class='ocrx_word' id='word_1_199' title='bbox 1225 3209 1287 3285; x_wconf 92' lang='lat' dir='ltr'><strong>tibi</strong></span> <span class='ocrx_word' id='word_1_200' title='bbox 1321 3228 1408 3283; x_wconf 92' lang='lat' dir='ltr'><strong>con-</strong></span> 
     </span>
     <span class='ocr_line' id='line_1_24' title="bbox 233 3328 1406 3425; baseline -0.003 -21"><span class='ocrx_word' id='word_1_201' title='bbox 233 3335 381 3425; x_wconf 90' lang='lat' dir='ltr'><strong>ceptum</strong></span> <span class='ocrx_word' id='word_1_202' title='bbox 418 3351 555 3405; x_wconf 92' lang='lat' dir='ltr'><strong>meum.</strong></span> <span class='ocrx_word' id='word_1_203' title='bbox 595 3331 639 3403; x_wconf 87' lang='lat' dir='ltr'><strong>Et</strong></span> <span class='ocrx_word' id='word_1_204' title='bbox 664 3330 785 3404; x_wconf 91' lang='lat' dir='ltr'><strong>subdit</strong></span> <span class='ocrx_word' id='word_1_205' title='bbox 819 3331 1092 3424; x_wconf 87' lang='lat' dir='ltr'><strong>responsionem</strong></span> <span class='ocrx_word' id='word_1_206' title='bbox 1127 3329 1233 3422; x_wconf 90' lang='lat' dir='ltr'><strong>illius,</strong></span> <span class='ocrx_word' id='word_1_207' title='bbox 1259 3328 1406 3403; x_wconf 89' lang='lat' dir='ltr'><strong>dicens:</strong></span> 
     </span>
     <span class='ocr_line' id='line_1_25' title="bbox 234 3449 1408 3544; baseline -0.002 -21"><span class='ocrx_word' id='word_1_208' title='bbox 234 3453 323 3523; x_wconf 82' lang='lat' dir='ltr'><strong>unde</strong></span> <span class='ocrx_word' id='word_1_209' title='bbox 340 3453 376 3523; x_wconf 89' lang='lat' dir='ltr'><strong>lo</strong></span> <span class='ocrx_word' id='word_1_210' title='bbox 397 3454 482 3544; x_wconf 84' lang='lat' dir='ltr'><strong>loce,</strong></span> <span class='ocrx_word' id='word_1_211' title='bbox 510 3450 634 3524; x_wconf 92' lang='lat' dir='ltr'><strong>anima</strong></span> <span class='ocrx_word' id='word_1_212' title='bbox 659 3451 770 3543; x_wconf 91' lang='lat' dir='ltr'><strong>clara,</strong></span> <span class='ocrx_word' id='word_1_213' title='bbox 797 3453 857 3522; x_wconf 81' lang='lat' dir='ltr'><strong>ote</strong></span> <span class='ocrx_word' id='word_1_214' title='bbox 883 3453 927 3522; x_wconf 87' lang='lat' dir='ltr'><strong>m’</strong></span> <span class='ocrx_word' id='word_1_215' title='bbox 941 3471 1006 3523; x_wconf 86' lang='lat' dir='ltr'><strong>ero</strong></span> <span class='ocrx_word' id='word_1_216' title='bbox 1031 3449 1408 3542; x_wconf 63' lang='lat' dir='ltr'><strong>accommodante</strong></span> 
     </span>
     <span class='ocr_line' id='line_1_26' title="bbox 235 3569 1408 3664; baseline -0.003 -21"><span class='ocrx_word' id='word_1_217' title='bbox 235 3569 396 3643; x_wconf 94' lang='lat' dir='ltr'><strong>nondum</strong></span> <span class='ocrx_word' id='word_1_218' title='bbox 424 3589 601 3644; x_wconf 84' lang='lat' dir='ltr'><strong>noveram</strong></span> <span class='ocrx_word' id='word_1_219' title='bbox 628 3589 712 3662; x_wconf 87' lang='lat' dir='ltr'><strong>quae</strong></span> <span class='ocrx_word' id='word_1_220' title='bbox 743 3575 850 3662; x_wconf 91' lang='lat' dir='ltr'><strong>esset,</strong></span> <span class='ocrx_word' id='word_1_221' title='bbox 872 3569 931 3643; x_wconf 91' lang='lat' dir='ltr'><strong>vel</strong></span> <span class='ocrx_word' id='word_1_222' title='bbox 952 3570 1050 3644; x_wconf 93' lang='lat' dir='ltr'><strong>unde</strong></span> <span class='ocrx_word' id='word_1_223' title='bbox 1076 3571 1134 3644; x_wconf 90' lang='lat' dir='ltr'><strong>vel</strong></span> <span class='ocrx_word' id='word_1_224' title='bbox 1165 3588 1283 3664; x_wconf 90' lang='lat' dir='ltr'><strong>quare</strong></span> <span class='ocrx_word' id='word_1_225' title='bbox 1313 3574 1408 3642; x_wconf 89' lang='lat' dir='ltr'><strong>esset</strong></span> 
     </span>
     <span class='ocr_line' id='line_1_27' title="bbox 234 3689 1408 3784; baseline -0.001 -22"><span class='ocrx_word' id='word_1_226' title='bbox 234 3691 293 3783; x_wconf 89' lang='lat' dir='ltr'><strong>ibi,</strong></span> <span class='ocrx_word' id='word_1_227' title='bbox 318 3697 476 3782; x_wconf 66' lang='lat' dir='ltr'><strong>sequela,</strong></span> <span class='ocrx_word' id='word_1_228' title='bbox 504 3690 583 3764; x_wconf 88' lang='lat' dir='ltr'><strong>sine</strong></span> <span class='ocrx_word' id='word_1_229' title='bbox 609 3709 713 3762; x_wconf 88' lang='lat' dir='ltr'><strong>mora</strong></span> <span class='ocrx_word' id='word_1_230' title='bbox 739 3695 776 3763; x_wconf 91' lang='lat' dir='ltr'><strong>et</strong></span> <span class='ocrx_word' id='word_1_231' title='bbox 800 3709 886 3763; x_wconf 88' lang='lat' dir='ltr'><strong>cum</strong></span> <span class='ocrx_word' id='word_1_232' title='bbox 907 3689 1041 3784; x_wconf 88' lang='lat' dir='ltr'><strong>laetitia,</strong></span> <span class='ocrx_word' id='word_1_233' title='bbox 1060 3709 1155 3762; x_wconf 78' lang='lat' dir='ltr'><strong>coum</strong></span> <span class='ocrx_word' id='word_1_234' title='bbox 1174 3710 1198 3761; x_wconf 89' lang='lat' dir='ltr'><strong>o</strong></span> <span class='ocrx_word' id='word_1_235' title='bbox 1216 3692 1271 3762; x_wconf 80' lang='lat' dir='ltr'><strong>cut</strong></span> <span class='ocrx_word' id='word_1_236' title='bbox 1286 3691 1323 3761; x_wconf 83' lang='lat' dir='ltr'><strong>dt</strong></span> <span class='ocrx_word' id='word_1_237' title='bbox 1344 3689 1408 3761; x_wconf 81' lang='lat' dir='ltr'><strong>ben</strong></span> 
     </span>
     <span class='ocr_line' id='line_1_28' title="bbox 230 3810 1408 3903; baseline -0.001 -21"><span class='ocrx_word' id='word_1_238' title='bbox 230 3815 294 3902; x_wconf 77' lang='lat' dir='ltr'><strong>sar</strong></span> <span class='ocrx_word' id='word_1_239' title='bbox 317 3813 435 3902; x_wconf 64' lang='lat' dir='ltr'><strong>plova</strong></span> <span class='ocrx_word' id='word_1_240' title='bbox 465 3810 555 3884; x_wconf 80' lang='lat' dir='ltr'><strong>idest</strong></span> <span class='ocrx_word' id='word_1_241' title='bbox 580 3810 747 3903; x_wconf 88' lang='lat' dir='ltr'><strong>delectat,</strong></span> <span class='ocrx_word' id='word_1_242' title='bbox 765 3811 822 3882; x_wconf 86' lang='lat' dir='ltr'><strong>dcl</strong></span> <span class='ocrx_word' id='word_1_243' title='bbox 844 3830 907 3882; x_wconf 82' lang='lat' dir='ltr'><strong>suo</strong></span> <span class='ocrx_word' id='word_1_244' title='bbox 931 3813 1124 3903; x_wconf 79' lang='lat' dir='ltr'><strong>profando,</strong></span> <span class='ocrx_word' id='word_1_245' title='bbox 1143 3813 1224 3884; x_wconf 72' lang='lat' dir='ltr'><strong>ond</strong></span> <span class='ocrx_word' id='word_1_246' title='bbox 1238 3811 1305 3883; x_wconf 86' lang='lat' dir='ltr'><strong>ello</strong></span> <span class='ocrx_word' id='word_1_247' title='bbox 1323 3812 1408 3902; x_wconf 82' lang='lat' dir='ltr'><strong>pria</strong></span> 
     </span>
     <span class='ocr_line' id='line_1_29' title="bbox 233 3928 1406 4024; baseline 0 -22"><span class='ocrx_word' id='word_1_248' title='bbox 233 3937 395 4002; x_wconf 79' lang='lat' dir='ltr'><strong>contnuo.</strong></span> <span class='ocrx_word' id='word_1_249' title='bbox 428 3930 467 4002; x_wconf 97' lang='lat' dir='ltr'><strong>ln</strong></span> <span class='ocrx_word' id='word_1_250' title='bbox 496 3931 566 4004; x_wconf 89' lang='lat' dir='ltr'><strong>boc</strong></span> <span class='ocrx_word' id='word_1_251' title='bbox 598 3929 711 4024; x_wconf 82' lang='lat' dir='ltr'><strong>tangit</strong></span> <span class='ocrx_word' id='word_1_252' title='bbox 747 3928 847 4021; x_wconf 91' lang='lat' dir='ltr'><strong>quod</strong></span> <span class='ocrx_word' id='word_1_253' title='bbox 878 3929 1001 4004; x_wconf 90' lang='lat' dir='ltr'><strong>anima</strong></span> <span class='ocrx_word' id='word_1_254' title='bbox 1027 3931 1095 4004; x_wconf 88' lang='lat' dir='ltr'><strong>ista</strong></span> <span class='ocrx_word' id='word_1_255' title='bbox 1121 3930 1293 4003; x_wconf 86' lang='lat' dir='ltr'><strong>cantabat</strong></span> <span class='ocrx_word' id='word_1_256' title='bbox 1319 3948 1406 4022; x_wconf 88' lang='lat' dir='ltr'><strong>pro·</strong></span> 
     </span>
     <span class='ocr_line' id='line_1_30' title="bbox 233 4047 1408 4142; baseline -0.001 -20"><span class='ocrx_word' id='word_1_257' title='bbox 233 4048 344 4122; x_wconf 88' lang='lat' dir='ltr'><strong>iunde</strong></span> <span class='ocrx_word' id='word_1_258' title='bbox 377 4050 413 4122; x_wconf 95' lang='lat' dir='ltr'><strong>in</strong></span> <span class='ocrx_word' id='word_1_259' title='bbox 447 4048 753 4142; x_wconf 90' lang='lat' dir='ltr'><strong>contemplatione</strong></span> <span class='ocrx_word' id='word_1_260' title='bbox 790 4047 924 4140; x_wconf 83' lang='lat' dir='ltr'><strong>divina,</strong></span> <span class='ocrx_word' id='word_1_261' title='bbox 957 4054 1157 4140; x_wconf 89' lang='lat' dir='ltr'><strong>antequam</strong></span> <span class='ocrx_word' id='word_1_262' title='bbox 1191 4048 1408 4141; x_wconf 90' lang='lat' dir='ltr'><strong>loqueretur</strong></span> 
     </span>
     <span class='ocr_line' id='line_1_31' title="bbox 233 4166 1409 4262; baseline 0 -21"><span class='ocrx_word' id='word_1_263' title='bbox 233 4168 366 4262; x_wconf 90' lang='lat' dir='ltr'><strong>autori,</strong></span> <span class='ocrx_word' id='word_1_264' title='bbox 393 4169 486 4242; x_wconf 90' lang='lat' dir='ltr'><strong>sicut</strong></span> <span class='ocrx_word' id='word_1_265' title='bbox 510 4167 647 4242; x_wconf 88' lang='lat' dir='ltr'><strong>dictum</strong></span> <span class='ocrx_word' id='word_1_266' title='bbox 675 4175 729 4242; x_wconf 92' lang='lat' dir='ltr'><strong>est</strong></span> <span class='ocrx_word' id='word_1_267' title='bbox 754 4188 877 4261; x_wconf 91' lang='lat' dir='ltr'><strong>supra,</strong></span> <span class='ocrx_word' id='word_1_268' title='bbox 905 4166 1004 4261; x_wconf 91' lang='lat' dir='ltr'><strong>quod</strong></span> <span class='ocrx_word' id='word_1_269' title='bbox 1035 4168 1169 4240; x_wconf 87' lang='lat' dir='ltr'><strong>animae</strong></span> <span class='ocrx_word' id='word_1_270' title='bbox 1195 4187 1280 4261; x_wconf 87' lang='lat' dir='ltr'><strong>quae</strong></span> <span class='ocrx_word' id='word_1_271' title='bbox 1306 4167 1409 4261; x_wconf 89' lang='lat' dir='ltr'><strong>prius</strong></span> 
     </span>
     <span class='ocr_line' id='line_1_32' title="bbox 234 4287 1405 4380; baseline 0 -20"><span class='ocrx_word' id='word_1_272' title='bbox 234 4296 415 4362; x_wconf 90' lang='lat' dir='ltr'><strong>venerunt</strong></span> <span class='ocrx_word' id='word_1_273' title='bbox 453 4309 582 4364; x_wconf 87' lang='lat' dir='ltr'><strong>versus</strong></span> <span class='ocrx_word' id='word_1_274' title='bbox 620 4309 708 4364; x_wconf 92' lang='lat' dir='ltr'><strong>euru</strong></span> <span class='ocrx_word' id='word_1_275' title='bbox 744 4289 940 4363; x_wconf 87' lang='lat' dir='ltr'><strong>cantabant</strong></span> <span class='ocrx_word' id='word_1_276' title='bbox 972 4287 1127 4361; x_wconf 90' lang='lat' dir='ltr'><strong>Osanna.</strong></span> <span class='ocrx_word' id='word_1_277' title='bbox 1143 4327 1192 4340; x_wconf 95' lang='lat'>-</span> <span class='ocrx_word' id='word_1_278' title='bbox 1206 4292 1247 4360; x_wconf 85' lang='lat' dir='ltr'><strong>lo</strong></span> <span class='ocrx_word' id='word_1_279' title='bbox 1281 4290 1405 4380; x_wconf 82' lang='lat' dir='ltr'><strong>puella.</strong></span> 
     </span>
     <span class='ocr_line' id='line_1_33' title="bbox 232 4407 1408 4504; baseline 0 -24"><span class='ocrx_word' id='word_1_280' title='bbox 232 4407 338 4480; x_wconf 90' lang='lat' dir='ltr'><strong>Nunc</strong></span> <span class='ocrx_word' id='word_1_281' title='bbox 363 4409 429 4483; x_wconf 91' lang='lat' dir='ltr'><strong>iste</strong></span> <span class='ocrx_word' id='word_1_282' title='bbox 454 4409 602 4504; x_wconf 89' lang='lat' dir='ltr'><strong>spiritus</strong></span> <span class='ocrx_word' id='word_1_283' title='bbox 626 4409 798 4484; x_wconf 91' lang='lat' dir='ltr'><strong>describit</strong></span> <span class='ocrx_word' id='word_1_284' title='bbox 824 4409 944 4503; x_wconf 94' lang='lat' dir='ltr'><strong>primo</strong></span> <span class='ocrx_word' id='word_1_285' title='bbox 961 4410 1085 4483; x_wconf 92' lang='lat' dir='ltr'><strong>locum</strong></span> <span class='ocrx_word' id='word_1_286' title='bbox 1105 4429 1181 4482; x_wconf 86' lang='lat' dir='ltr'><strong>suaa</strong></span> <span class='ocrx_word' id='word_1_287' title='bbox 1202 4408 1352 4504; x_wconf 81' lang='lat' dir='ltr'><strong>originis</strong></span> <span class='ocrx_word' id='word_1_288' title='bbox 1370 4413 1408 4482; x_wconf 90' lang='lat' dir='ltr'><strong>et</strong></span> 
     </span>
    </p>
   </div>
   <div class='ocr_carea' id='block_1_3' title="bbox 297 4667 933 4736">
    <p class='ocr_par' dir='ltr' id='par_1_3' title="bbox 297 4667 933 4736">
     <span class='ocr_line' id='line_1_34' title="bbox 297 4667 933 4736; baseline 0.002 -17"><span class='ocrx_word' id='word_1_289' title='bbox 297 4667 325 4730; x_wconf 84' lang='lat'><strong>(¹)</strong></span> <span class='ocrx_word' id='word_1_290' title='bbox 339 4668 365 4718; x_wconf 81' lang='lat' dir='ltr'><strong>S.</strong></span> <span class='ocrx_word' id='word_1_291' title='bbox 381 4681 397 4720; x_wconf 84' lang='lat' dir='ltr'><strong>e</strong></span> <span class='ocrx_word' id='word_1_292' title='bbox 413 4673 437 4732; x_wconf 83' lang='lat' dir='ltr'><strong>t,</strong></span> <span class='ocrx_word' id='word_1_293' title='bbox 453 4670 568 4736; x_wconf 78' lang='lat' dir='ltr'><strong>quisquis</strong></span> <span class='ocrx_word' id='word_1_294' title='bbox 584 4685 619 4723; x_wconf 82' lang='lat' dir='ltr'><strong>es.</strong></span> <span class='ocrx_word' id='word_1_295' title='bbox 630 4672 700 4721; x_wconf 78' lang='lat' dir='ltr'><strong>-lt</strong></span> <span class='ocrx_word' id='word_1_296' title='bbox 718 4670 774 4734; x_wconf 76' lang='lat' dir='ltr'><strong>quis</strong></span> <span class='ocrx_word' id='word_1_297' title='bbox 790 4683 818 4721; x_wconf 82' lang='lat' dir='ltr'><strong>ss</strong></span> <span class='ocrx_word' id='word_1_298' title='bbox 835 4675 871 4731; x_wconf 90' lang='lat' dir='ltr'><strong>tu,</strong></span> <span class='ocrx_word' id='word_1_299' title='bbox 889 4671 933 4720; x_wconf 79' lang='lat' dir='ltr'><strong>itu.</strong></span> 
     </span>
    </p>
   </div>
   <div class='ocr_carea' id='block_1_4' title="bbox 0 0 1883 5680">
    <p class='ocr_par' dir='ltr' id='par_1_4' title="bbox 0 0 1883 5680">
     <span class='ocr_line' id='line_1_35' title="bbox 0 0 1883 5680; baseline 0 0"><span class='ocrx_word' id='word_1_300' title='bbox 0 0 1883 5680; x_wconf 95' lang='lat' dir='ltr'><strong> </strong></span> 
     </span>
    </p>
   </div>
  </div>
 </body>
</html>
