3746 5680
618 533 757 589 caurus
783 534 951 589 nummus.
1327 522 1373 589 ld

200 702 312 776 quam
346 681 393 753 de
419 679 622 773 Ambrosio,
650 687 688 756 et
716 679 800 754 licet
826 681 920 754 sorte
945 686 1054 754 autor
1080 681 1298 757 intellexerit
1330 682 1377 756 de

197 800 337 893 Orosio,
368 799 429 872 cui
461 798 529 872 luit
556 799 642 872 satis
673 799 870 892 familiaris,
899 805 942 871 ut
972 801 1145 894 perpendi
1172 822 1217 874 err
1250 801 1374 875 multis

198 921 303 995 dictis
327 919 423 1011 eius;
450 925 575 992 tamen
602 919 734 992 melius
759 926 813 992 est
841 919 940 1012 quod
967 919 1191 1018 intelligatur
1216 923 1262 996 de
1287 922 1375 995 Am-

199 1040 332 1131 brosio,
357 1039 444 1132 quia
470 1038 554 1112 licet
579 1039 729 1112 Orosius
755 1039 866 1112 luerit
886 1039 943 1111 vir
962 1041 1086 1114 valens
1111 1047 1149 1114 et
1175 1042 1283 1136 utilis,
1301 1061 1374 1115 non

199 1168 322 1234 tamen
352 1159 447 1234 bene
478 1157 573 1231 cadit
605 1159 642 1231 in
680 1159 748 1232 ista
785 1179 922 1233 corona
961 1160 1056 1234 inter
1091 1167 1164 1234 tam
1205 1162 1375 1259 egregios

197 1281 376 1354 doctores.
392 1319 441 1332 -
458 1281 524 1369 Or,
541 1301 579 1350 se
595 1286 640 1352 lu.
668 1279 732 1353 Hic
753 1279 911 1353 Thomas
932 1279 1049 1354 reddit
1065 1288 1236 1368 autorem
1255 1289 1374 1356 atten-

198 1408 276 1474 tum
304 1400 351 1473 ad
376 1399 676 1473 considerandam
702 1399 811 1473 aliam
838 1399 999 1473 animam
1025 1401 1307 1476 illustrissimam
1330 1402 1374 1474 il-

196 1522 266 1594 lius
292 1539 451 1611 coronae,
477 1519 623 1593 dicens:
656 1523 722 1607 Or,
738 1541 775 1591 se
793 1527 827 1592 tu
845 1523 942 1592 troni
958 1522 1112 1593 t'occlrr'o
1139 1524 1231 1594 dello
1248 1530 1371 1612 mente,

199 1642 300 1734 idest,
327 1641 358 1714 si
384 1646 424 1713 tu
450 1639 617 1714 ordinate
648 1640 798 1714 deducis
830 1641 980 1714 oculum
1014 1641 1307 1736 intellectualem,
1338 1647 1375 1716 dr·

198 1764 272 1833 luce
295 1763 332 1832 tn
357 1762 442 1850 loce,
469 1759 570 1852 idest,
598 1759 644 1834 de
671 1780 744 1833 una
768 1758 892 1832 anima
919 1758 1037 1832 lucida
1064 1760 1100 1832 in
1121 1761 1243 1855 aliam,
1261 1765 1373 1834 dietro

197 1884 268 1953 alle
293 1884 357 1953 mic
381 1882 472 1969 tede,
497 1901 601 1973 quas,
628 1879 774 1972 scilicet,
795 1880 875 1973 jam
901 1878 1040 1953 locide
1066 1886 1204 1975 septem
1231 1881 1374 1954 anima-

197 1999 277 2092 bus,
302 1989 363 2089 pil
388 2001 467 2072 dell
480 2005 598 2072 ottavo
624 2001 950 2090 consolamenti,
979 1998 1082 2092 idest,
1113 2020 1198 2073 cum
1232 1999 1374 2073 deside-

199 2119 254 2192 rio
279 2118 414 2192 sciendi
432 2137 516 2211 qnae
538 2118 658 2193 luerit.
672 2123 805 2191 -Per
823 2121 938 2191 veder.
957 2119 988 2191 N
992 2139 1062 2192 unc
1079 2120 1237 2193 Thomas
1257 2118 1374 2214 expli-

197 2246 255 2313 cat
280 2259 366 2331 quae
391 2237 501 2312 luerit
518 2238 579 2312 illa
595 2238 719 2312 anima
736 2244 877 2312 octava.
902 2238 955 2311 Ad
973 2239 1080 2312 cuius
1097 2239 1370 2335 intelligentiam

197 2366 251 2434 est
270 2358 548 2454 presciendum,
571 2358 670 2451 quod
696 2358 763 2431 iste
788 2358 936 2432 Boetius
962 2364 1080 2432 totum
1107 2358 1231 2432 scibile
1248 2358 1370 2432 scivit:

197 2482 234 2554 in
260 2479 432 2555 omnibus
458 2479 556 2553 enim
583 2478 794 2552 liberalibus
819 2484 887 2552 etc.
915 2479 1021 2553 Nunc
1045 2479 1093 2553 ad
1113 2479 1256 2553 literam
1275 2480 1373 2553 Tho-

197 2621 280 2673 mas
298 2598 467 2673 describit
484 2597 594 2671 istum
610 2618 801 2691 nunquam
815 2597 901 2671 satis
915 2598 1105 2672 laudatum
1119 2599 1255 2692 virum,
1271 2599 1372 2673 vide-

197 2720 283 2794 licet
300 2740 321 2793 a
339 2718 528 2793 sanctitate
542 2718 673 2811 vitae,a
692 2717 885 2812 singularis
904 2718 1025 2813 operis
1042 2719 1308 2813 compilatione,
1322 2721 1370 2793 ab

196 2839 293 2914 exilii
306 2838 967 2933 relegationemmorte‚asopultura.
979 2837 1071 2911 Dicit
1085 2859 1194 2932 ergo:
1208 2840 1371 2910 L’nnimn

195 2969 312 3050 eorda,
338 2959 486 3052 scilicet,
511 2959 638 3052 Boetii,
665 2961 700 3032 ιιι·
717 2961 809 3048 pede
832 2960 971 3050 dentre,
991 2959 1138 3051 scilicet,
1160 2958 1255 3033 inter
1274 2958 1371 3031 illam

195 3081 329 3172 lucem,
353 3100 420 3171 per
445 3081 549 3152 aeder
574 3081 659 3168 opni
682 3079 760 3168 ben,
787 3077 889 3171 idest,
922 3098 1034 3152 causa
1070 3077 1213 3152 ridendi
1238 3079 1370 3170 Deum,

198 3200 259 3293 qui
286 3205 341 3274 est
367 3217 478 3272 omne
503 3198 664 3290 bonum3
691 3203 728 3271 et
758 3197 866 3271 dicit:
899 3200 958 3270 cle
975 3201 1000 3269 'l
1029 3201 1158 3270 mondo
1180 3201 1309 3290 fallace
1330 3202 1372 3291 su

198 3322 392 3412 manifesto,
421 3317 556 3392 scilicet
570 3312 607 3408 (¹)
636 3318 673 3390 in
699 3318 793 3391 libro
819 3317 865 3392 de
891 3317 1157 3411 Consolatione,
1178 3339 1290 3410 quem
1312 3319 1371 3391 ul·

197 3439 285 3512 timo
317 3438 527 3531 compilavit
561 3445 727 3532 tempore
752 3437 849 3511 exilii
881 3445 919 3511 et
944 3437 1187 3512 damnationis
1213 3459 1301 3511 suae.
1329 3438 1369 3510 ln

197 3579 273 3652 quo
298 3557 447 3651 quidem
474 3558 567 3632 libro
593 3557 724 3652 probat
749 3576 834 3650 quae
859 3557 904 3631 sit
930 3558 1019 3631 salsa
1045 3557 1205 3650 solicitas,
1225 3564 1262 3630 et
1287 3579 1371 3650 quae

198 3699 307 3770 vera3
334 3685 372 3752 et
397 3678 583 3771 quomodo
609 3678 826 3771 temporalia
854 3678 1003 3752 fortuita
1022 3699 1094 3752 non
1113 3684 1264 3771 possunt
1281 3698 1371 3752 con·

199 3799 296 3874 ferre
322 3797 586 3874 beatitudinem
613 3797 764 3890 bomini,
790 3798 905 3871 immo
939 3797 1059 3892 potius
1086 3797 1221 3871 iaciunt
1250 3797 1370 3891 ipsum

197 3919 399 4014 intelicem3
426 3926 464 3993 et
487 3918 597 3992 dicit:
617 3940 642 3990 o
658 3920 712 3991 clrt
728 3920 825 3990 ditet
841 3919 903 3990 berr
922 3922 1000 4010 ode,
1029 3917 1131 4009 idest,
1149 3917 1278 4010 siquis
1304 3937 1374 3990 au-

198 4041 300 4114 ribus
329 4039 461 4112 mentis
487 4038 582 4112 bene
607 4043 708 4112 notet
729 4037 930 4112 dietaeius
954 4036 1097 4110 animae.
1114 4040 1225 4107 -Lo
1250 4055 1370 4126 corpo.

197 4159 262 4236 llic
288 4161 447 4234 Thomas
473 4159 588 4253 tangit
613 4157 777 4250 erilium,
804 4162 963 4230 mortem
991 4162 1029 4228 et
1053 4155 1292 4250 sepulturam.
1319 4154 1371 4228 nd

195 4281 302 4354 cuius
323 4279 544 4354 evidentiam
571 4285 626 4353 est
651 4277 917 4373 praesciendum
936 4276 1036 4370 quod
1054 4275 1201 4351 Boetius
1218 4275 1373 4351 damna-

197 4407 258 4474 tus
283 4422 306 4473 a
331 4399 556 4474 Theoderico
583 4417 671 4496 rege
696 4399 907 4494 gothorum,
936 4403 976 4470 ut
1001 4396 1139 4471 dictum
1165 4403 1231 4491 est,
1249 4398 1374 4471 trabe-

1287 4564 1371 4576 —n

259 4658 288 4722 ι’)
305 4659 337 4710 Ε.
352 4661 451 4712 scilicet
466 4662 519 4724 ipsa
534 4662 640 4714 Boetius
657 4663 683 4712 in
699 4660 768 4712 libro
784 4675 832 4712 mo
848 4661 880 4711 de
895 4659 1084 4712 Consolatione.
