3746 5680
453 496 474 561 6
842 502 1047 558 connnrnn
1071 503 1236 558 rnnnmsr

451 650 546 723 linus
573 649 636 743 qui
662 668 750 723 vere
775 647 842 721 suit
868 647 927 722 iar
954 646 1098 740 ardens,
1126 645 1325 720 immittens
1350 646 1558 722 incendium
1586 650 1624 722 in

450 769 596 844 vicinos.
624 768 709 842 ideo
733 768 837 842 dicit:
864 769 923 840 cde
944 770 1017 860 scre
1041 769 1115 840 adn
1140 769 1327 859 conando,
1356 767 1503 862 scilicet,
1529 770 1624 844 Mar·

451 890 542 964 chiae
567 889 787 981 Tarvisanae,
817 908 864 959 oo
892 888 1030 978 pronde
1059 889 1200 959 assolta.
1228 886 1417 962 diberious
1442 910 1532 963 vero
1557 890 1625 964 tuit

451 1010 521 1084 alia
547 1010 619 1102 tax,
641 1009 774 1083 ardens
790 1007 956 1100 libidine;
974 1013 1011 1080 et
1026 998 1063 1098 (¹)
1081 1006 1223 1081 Cunitia
1244 1007 1312 1080 tuit
1330 1007 1464 1083 ardens
1481 1029 1622 1084 amore.

453 1128 641 1202 Ecceiinus
676 1135 801 1200 tamen
831 1147 904 1200 non
934 1126 1093 1198 multum
1124 1124 1269 1199 curavit
1297 1126 1344 1200 de
1376 1129 1554 1203 venereis.
1573 1169 1622 1182 -

453 1252 577 1322 ΙΥααα
603 1249 733 1320 radice.
760 1246 826 1319 Hic
850 1245 993 1320 Cunitia
1014 1245 1185 1319 describit
1209 1265 1250 1319 se
1273 1266 1296 1319 a
1321 1249 1533 1341 parentibus
1554 1269 1622 1322 no-

451 1368 551 1442 mine
568 1374 605 1441 et
622 1371 733 1459 sorte,
750 1365 896 1439 dicens:
922 1370 967 1438 Et
981 1367 1017 1436 io
1037 1371 1069 1437 et
1084 1366 1164 1454 ello,
1183 1364 1327 1458 scilicet,
1347 1365 1477 1460 facula,
1495 1371 1623 1458 corpor·

451 1491 570 1562 d'ona
595 1488 729 1578 radice,
758 1484 859 1578 idest,
886 1504 933 1558 ex
959 1484 1088 1558 eodem
1116 1490 1219 1578 patre
1244 1491 1282 1558 et
1311 1492 1442 1580 matre,
1473 1487 1621 1560 nomine

451 1596 664 1699 Adaicta(²),
683 1612 723 1678 ut
743 1603 867 1678 scribit
892 1605 1073 1678 nussatus
1098 1611 1204 1698 poeta
1232 1605 1442 1700 paduanus3
1468 1610 1623 1679 θααίααα

448 1729 720 1821 fractionem,
749 1742 885 1797 nomen
910 1723 1099 1819 proprium
1133 1730 1198 1812 est,
1225 1725 1328 1819 quasi
1359 1727 1618 1819 connunciens,

450 1847 558 1938 idest,
585 1864 743 1936 vocans;
775 1864 794 1915 e
831 1846 890 1934 qui
926 1845 1070 1936 risutpo,
1102 1842 1205 1936 idest,
1236 1844 1449 1938 resplendeo
1483 1845 1520 1918 in
1554 1845 1623 1920 isto

451 1967 594 2061 planeta
624 1963 774 2039 Veneris
809 1963 1094 2059 fulgentissimae,
1122 1959 1250 2055 perctd
1278 1967 1326 2036 mi
1354 1967 1449 2036 aime
1476 1967 1504 2036 it
1532 1967 1621 2036 tame

450 2090 566 2160 d'esta
595 2087 706 2174 stello,
736 2083 882 2175 scilicet,
908 2082 1071 2175 Veneris,
1102 2083 1189 2175 quia
1204 2073 1240 2174 (³)
1269 2083 1395 2158 habuit
1428 2083 1621 2178 praedomi-

451 2206 553 2278 nium
580 2225 691 2299 supra
710 2223 781 2277 me.
801 2204 843 2275 nt
861 2201 1055 2296 respondet
1073 2203 1263 2297 quaestioni
1282 2204 1411 2297 tacitae,
1433 2205 1520 2297 quia
1538 2225 1622 2298 pos-

450 2331 504 2399 set
529 2323 659 2397 obiici:
688 2323 875 2415 quomodo
900 2342 991 2417 ergo
1017 2342 1056 2396 es
1082 2323 1220 2397 salvata
1247 2330 1284 2397 et
1316 2324 1449 2397 beata?
1474 2325 1618 2399 dicens:

449 2465 507 2516 mo
534 2446 721 2515 tiemmeote
746 2461 770 2513 α
797 2463 850 2513 me
876 2443 1049 2514 medesmo
1074 2444 1232 2533 indulpo,
1260 2441 1362 2534 idest,
1393 2442 1553 2534 remitto,
1584 2447 1619 2516 lo

449 2566 575 2653 capion
601 2565 639 2637 di
662 2565 733 2635 mio
757 2569 865 2651 sorte,
891 2561 1037 2655 scilicet,
1064 2561 1289 2634 influentiam
1316 2560 1478 2655 Veneris,
1504 2584 1523 2635 e
1546 2582 1618 2634 noo

448 2686 497 2756 mi
520 2684 616 2774 noia,
644 2681 736 2755 idest
763 2702 836 2755 non
862 2682 1015 2754 modeste
1041 2679 1130 2773 sero,
1163 2683 1222 2752 cte
1250 2683 1380 2772 parrio
1406 2685 1505 2773 forse
1527 2685 1621 2773 sorte

448 2806 487 2875 ol
502 2809 619 2874 vostro
635 2803 758 2890 culpo:
776 2798 979 2892 benedicit,
994 2799 1079 2892 qnia
1098 2797 1309 2894 ignorantes
1324 2798 1505 2873 mirantur
1523 2801 1620 2893 quod

447 2945 523 2997 una
549 2921 689 2995 famosa
716 2920 892 2994 meretrix
918 2920 963 2994 sit
988 2921 1106 3010 beata,
1126 2939 1199 2991 non
1224 2919 1495 2994 considerantes
1521 2922 1618 3016 quod

448 3043 541 3116 istud
556 3043 684 3116 vitium
704 3047 758 3114 est
777 3041 955 3133 naturaie,
973 3059 1173 3113 commune
1190 3044 1227 3112 et
1247 3039 1351 3133 quasi
1372 3041 1619 3115 necessarium

446 3162 632 3258 potissime
652 3161 863 3257 juvenibus,
891 3168 931 3234 ut
957 3164 1082 3254 postea
1107 3158 1259 3233 dicetur.
1275 3163 1384 3232 —Di
1409 3169 1537 3252 poeste
1557 3163 1621 3237 Hic

447 3281 589 3357 Cunitia
607 3281 653 3354 ad
670 3279 963 3354 confirmandum
982 3278 1120 3352 dictum
1143 3299 1252 3350 snum
1281 3278 1485 3353 manifestat
1510 3281 1620 3356 aliem

446 3401 608 3475 animam
637 3400 865 3492 modernam,
892 3417 976 3491 quae
1002 3398 1069 3470 suit
1095 3418 1240 3491 semper
1274 3419 1446 3474 amorosa
1471 3401 1506 3473 in
1534 3400 1618 3492 vita,

447 3525 636 3596 ettamen
669 3525 750 3613 post
784 3523 943 3592 mortem
978 3523 1031 3591 est
1063 3517 1178 3598 valde
1200 3518 1349 3592 famosa.
1386 3520 1478 3593 Dicit
1503 3541 1617 3617 ergo:

450 3643 594 3714 Grande
616 3644 730 3732 samo,
749 3639 895 3731 scilicet,
922 3639 1030 3730 bona,
1056 3659 1130 3731 qna
1158 3638 1243 3710 nihii
1270 3638 1400 3729 rarius,
1429 3640 1515 3712 nihil
1541 3647 1617 3715 tar-

447 3760 539 3853 dius,
568 3758 653 3833 nihii
679 3765 755 3833 toto
773 3759 863 3832 orbe
881 3757 1208 3851 praeclariusque
1234 3756 1397 3852 procedit
1421 3779 1442 3831 a
1470 3758 1618 3850 virtute,

445 3883 589 3968 simma,
614 3880 652 3952 in
677 3879 827 3972 munde,
855 3881 893 3952 di
916 3885 1036 3970 questa
1053 3881 1222 3951 luculento
1245 3899 1263 3950 e
1283 3899 1373 3950 caro
1389 3881 1498 3972 piato,
1515 3879 1617 3971 idest,

446 3999 629 4073 luminosa
659 4005 695 4074 et
727 3998 884 4092 pretiosa
919 3997 1053 4091 anima,
1080 4000 1138 4071 del
1168 4005 1289 4071 nostro
1317 4001 1414 4091 melo,
1443 3999 1545 4092 idest,
1571 3999 1617 4073 de

446 4139 552 4213 spera
577 4119 740 4212 Veneris,
767 4121 826 4192 ode
855 4113 918 4210 pid
944 4115 1020 4192 m'd
1038 4122 1253 4211 propinquo,
1280 4119 1382 4213 idest,
1411 4120 1526 4216 magis
1552 4141 1617 4216 ap-

446 4238 628 4333 proximat
655 4236 754 4331 mihi,
775 4237 863 4329 quia
889 4243 944 4312 est
966 4237 1053 4310 mihi
1072 4238 1188 4332 magis
1205 4239 1423 4314 conformis:
1442 4241 1520 4314 haec
1539 4248 1619 4314 erat

447 4357 570 4431 anima
596 4357 786 4432 cuiusdam
812 4356 913 4430 Fulci
938 4357 985 4430 de
1009 4356 1173 4450 Massilia,
1201 4364 1243 4429 ut
1260 4367 1386 4452 postea
1403 4359 1555 4434 dicetur.
1576 4361 1619 4432 Et

510 4617 538 4680 Ρ)
552 4615 583 4664 E.
599 4616 688 4666 etism
704 4615 812 4667 Canitia.
907 4613 934 4677 (Ἴ
951 4614 982 4664 Ε.
999 4614 1135 4678 Adeieytr.
1228 4613 1256 4678 (⁸)
1272 4615 1303 4666 Ε,
1319 4627 1335 4664 e
1351 4619 1374 4675 t,
1392 4629 1450 4679 qne
1467 4617 1564 4668 habuit.
