3746 5680
666 509 804 564 CANTUS
828 509 996 564 DECIMUS.
1376 503 1421 566 27

247 658 306 728 utt'
318 659 386 728 alte
410 663 500 745 rote,
527 655 628 748 idest,
654 655 701 728 ad
734 656 857 749 coetos,
885 658 991 728 datto
1017 676 1041 727 a
1066 659 1179 747 quella
1206 666 1308 749 purte
1334 662 1423 731 donc

248 777 269 848 l
281 797 330 849 un
353 782 448 848 moto
479 778 539 848 ull
552 778 645 848 ultro
669 778 701 848 ri
729 785 903 868 percunte,
929 775 1032 868 idest,
1059 775 1121 849 uhi
1149 786 1270 850 motus
1296 779 1423 854 firma-

248 894 362 968 menti
388 895 593 988 percutitur
626 914 711 968 cnm
751 902 853 969 motu
886 895 1138 990 planetarnm3
1172 897 1277 989 quasi
1301 897 1421 972 dicat:

246 1013 363 1108 dirige
389 1013 614 1087 intellectum
640 1019 746 1087 tuum
773 1013 819 1086 ad
845 1013 1151 1088 considerandum
1178 1020 1322 1089 motum
1344 1017 1423 1112 pla-

247 1138 431 1225 netarum,
458 1132 521 1226 qni
547 1138 602 1206 est
628 1133 835 1206 contrarius
861 1133 978 1206 motui
1005 1132 1225 1209 firmamenti
1254 1155 1422 1210 necessa-

248 1251 302 1324 rio
335 1252 381 1325 ad
412 1251 725 1325 conservationem
767 1251 938 1326 universi.
954 1258 1052 1325 -Ε
1083 1257 1109 1326 lt
1141 1257 1320 1327 comiuciu.
1356 1257 1421 1330 Hic

245 1378 355 1444 antor
378 1371 580 1464 specialiter
596 1371 771 1445 admonet
790 1371 964 1444 lectorem
984 1377 1026 1444 ut
1043 1375 1313 1466 contempletur
1327 1396 1421 1467 quu-

247 1492 357 1567 modo
388 1491 445 1565 isti
481 1498 602 1565 motus
635 1498 836 1584 operantur
867 1491 903 1563 in
933 1497 1033 1565 terra
1060 1513 1126 1585 per
1156 1495 1354 1586 potentiam
1384 1502 1421 1568 et

246 1619 364 1687 artem
385 1611 557 1686 divinam.
582 1611 683 1685 Unde
706 1610 814 1684 dicit:
833 1617 865 1684 Ε
883 1614 1095 1685 innominata
1120 1599 1144 1683 u
1170 1617 1418 1707 vapteppinre,

248 1733 352 1825 idest,
387 1733 423 1806 in
452 1732 555 1806 dictis
590 1731 678 1805 rotis
709 1731 960 1826 contemplari,
986 1735 1065 1805 nell
1077 1740 1167 1824 orte,
1198 1734 1301 1828 idest,
1333 1756 1421 1808 cur·

248 1874 331 1926 sum
348 1847 383 1942 (¹)
410 1857 447 1926 et
472 1858 590 1925 artem
619 1858 773 1944 naturae,
804 1853 842 1924 di
867 1855 946 1942 quet
969 1860 1133 1943 mamtro,
1168 1854 1314 1945 scilicet,
1342 1855 1417 1946 Dei,

246 1975 306 2044 cte
330 1975 462 2063 loma,
498 1969 644 2062 scilicet,
677 1969 774 2042 illam
802 1975 934 2063 artem,
968 1973 1092 2044 ductro
1117 1993 1141 2044 o
1165 1969 1205 2045 sd
1227 1979 1336 2062 tauto,
1363 1975 1422 2044 clue

246 2093 319 2162 moi
342 2111 415 2162 non
438 2097 542 2181 parte
565 2093 588 2162 l
597 2091 714 2162 occlto
738 2091 787 2160 da
812 2091 868 2179 let,
886 2089 972 2181 qnia
991 2109 1136 2183 semper
1155 2098 1253 2165 tenet
1269 2093 1418 2164 ocnlnm

248 2210 362 2283 linum
389 2231 500 2305 snper
525 2210 623 2283 illam
656 2215 788 2302 artem,
815 2229 899 2302 quae
932 2216 987 2283 est
1020 2210 1095 2303 ipsa
1126 2218 1282 2304 natura3
1315 2210 1421 2286 aliter

247 2330 329 2403 coeli
355 2330 418 2422 qui
444 2337 529 2402 sunt
555 2329 796 2402 instrumenta
822 2327 932 2401 divini
957 2328 1050 2401 labri
1073 2334 1299 2422 paterentur,
1321 2329 1420 2423 quod

247 2455 302 2523 est
327 2449 569 2544 impossibile,
603 2448 702 2521 unde
735 2447 878 2520 subdit:
912 2451 990 2520 uadi
1021 2468 1116 2520 come
1141 2451 1163 2520 l'
1176 2449 1313 2540 obliquo
1343 2471 1420 2522 cer·

247 2571 336 2658 ctio,
361 2567 463 2661 inest,
489 2567 658 2642 zodiacus
684 2573 884 2658 tortuosus,
910 2569 969 2639 clu
991 2574 1099 2659 porta
1123 2571 1137 2640 i
1157 2571 1302 2660 picuett,
1334 2567 1419 2661 qnia

246 2707 376 2762 omnes
401 2689 554 2783 planetae
580 2693 778 2760 moventur
803 2686 872 2759 sub
898 2686 1046 2761 zodiaco
1064 2707 1210 2780 semper
1234 2708 1298 2780 per
1317 2688 1417 2782 signa

247 2808 338 2900 cius,
363 2811 395 2880 st
419 2810 561 2880 diruma
586 2809 635 2879 du
658 2808 746 2895 iudi,
778 2804 880 2897 idest,
914 2804 962 2879 ab
993 2806 1053 2878 illo
1085 2805 1329 2898 firmamento,
1356 2805 1418 2878 nbi

246 2926 418 3000 dividitur
443 2926 613 3000 zodiacus
638 2925 675 2998 in
701 2924 864 2999 diversos
891 2946 1025 3017 ramos,
1047 2925 1133 3019 quia
1152 2944 1216 2998 sex
1235 2925 1338 3021 signa
1356 2924 1420 2998 de-

247 3046 382 3120 clinant
407 3065 535 3119 versus
561 3047 685 3140 polum
711 3044 890 3118 arcticum
918 3064 1002 3137 quac
1028 3045 1257 3139 appellantur
1275 3051 1421 3138 septen-

249 3164 425 3258 trionalia,
444 3165 579 3238 scilicet
599 3164 707 3256 arieS,
721 3170 863 3254 taurus,
880 3162 1030 3258 gemini,
1043 3181 1186 3255 cancer,
1205 3163 1274 3256 leo,
1294 3163 1419 3258 virgo;

246 3285 318 3358 alia
340 3304 404 3359 sex
424 3285 610 3360 declinant
626 3303 756 3358 versus
773 3283 898 3376 polum
916 3282 1170 3376 antarcticum,
1188 3303 1272 3375 quae
1294 3285 1420 3377 appel-

248 3404 371 3478 lantur
406 3403 667 3495 meridionalia,
701 3402 847 3494 scilicet,
882 3401 984 3495 libra,
1012 3403 1166 3497 scorpio,
1198 3402 1417 3498 sagittarius,

249 3523 496 3617 capricornus,
521 3522 710 3616 aquarius,
728 3521 862 3614 pisces3
889 3526 926 3594 et
950 3520 1059 3595 dicit:
1083 3543 1149 3614 per
1165 3524 1361 3615 suddissure
1384 3524 1423 3593 ul

249 3645 378 3716 mondo
404 3645 463 3715 cle
487 3645 537 3733 pti
561 3645 713 3732 chama,
730 3641 833 3734 idest,
851 3661 962 3715 cansa
980 3642 1219 3717 conservandi
1240 3642 1419 3714 mundum

248 3762 472 3856 interiorem,
498 3763 562 3856 qui
588 3761 724 3852 indiget
750 3761 956 3835 necessario
976 3762 1035 3836 tali
1054 3769 1158 3835 motu
1177 3761 1325 3854 obliquo
1343 3762 1420 3855 pla-

249 3887 432 3956 netarum.
447 3887 541 3954 -E
562 3902 599 3953 se
624 3883 661 3952 la
686 3880 819 3954 sunda.
846 3879 911 3953 Hic
935 3887 1045 3953 autor
1076 3881 1206 3974 probat
1236 3879 1334 3973 qnod
1362 3879 1419 3951 via

248 4001 480 4095 planetarum
506 3999 713 4075 necessario
739 3999 783 4072 sit
809 3999 957 4092 obliqua
979 3999 1181 4072 rationibus
1199 3996 1419 4070 efficacibus.

250 4119 303 4193 nd
340 4119 446 4192 cuius
484 4117 759 4214 intelligentiam
797 4123 853 4190 est
884 4117 1003 4210 primo
1019 4108 1055 4208 (²)
1084 4115 1297 4208 notandum,
1332 4116 1420 4208 quid

250 4238 336 4311 mali
357 4246 577 4332 sequeretur
602 4237 632 4310 si
658 4238 713 4310 sol
738 4244 776 4311 et
800 4236 860 4310 alii
881 4238 1036 4330 planetae
1053 4243 1318 4331 semperrecte
1335 4257 1421 4331 pro-

248 4357 441 4450 cederent3
467 4379 553 4432 narn
579 4358 609 4430 si
635 4359 689 4430 sol
715 4357 837 4431 etalii
863 4358 1015 4452 planetae
1032 4355 1206 4430 continno
1225 4375 1421 4430 moveren-

312 4624 340 4688 Ρ)
357 4629 379 4686 t,
397 4638 475 4675 curm
492 4630 519 4674 ot
534 4629 591 4675 arto
606 4630 715 4676 naturus.
905 4625 932 4684 ι’)
947 4622 973 4674 S.
990 4637 1005 4673 c
1022 4623 1053 4678 Ε.
1069 4622 1275 4685 praenotandum.
