3746 5680
465 522 487 585 2
854 531 1058 586 connnrun
1083 531 1249 583 rnnnnrsr

464 675 524 750 ille
549 675 714 769 Carolus,
741 677 821 764 toci,
846 674 950 767 idest,
976 665 1114 764 nihili)
1140 672 1256 765 dicas3
1282 677 1320 746 et
1344 671 1396 745 sic
1412 671 1496 745 lacit
1515 677 1635 763 autor,

464 797 551 888 quia
578 796 666 870 nihil
690 793 863 890 exprimit
887 793 923 865 in
949 793 1142 887 scripturn,
1159 813 1178 864 o
1195 795 1305 865 luscio
1330 795 1450 882 voluer
1466 794 1517 882 qli
1537 795 1636 880 unni,

464 914 567 1008 idest,
595 913 751 988 transire
775 919 932 1007 tempus,
957 904 988 984 ci
1012 913 1119 983 cl'io'
1135 933 1207 984 ooo
1234 932 1341 1003 posco
1370 913 1461 1001 due,
1490 911 1636 1002 scilicet,

465 1034 502 1106 in
526 1033 683 1128 speciali,
708 1053 746 1104 se
769 1052 843 1104 nou
868 1034 927 1102 ciro
950 1033 1064 1120 glasto
1080 1032 1217 1124 mcum,
1246 1029 1350 1123 idest,
1367 1030 1487 1104 debila
1514 1049 1635 1123 poena,

466 1145 574 1225 verro
599 1155 636 1225 di
659 1159 756 1224 retro
782 1154 820 1222 ui
843 1154 954 1222 vostri
977 1152 1102 1240 duum,
1128 1170 1212 1242 quae
1239 1149 1377 1244 recepit
1401 1150 1508 1244 stirps
1534 1169 1635 1223 mea:

466 1277 504 1345 et
529 1271 623 1345 sorte
650 1271 718 1344 hoc
742 1269 839 1363 dicit,
865 1269 951 1362 quia
969 1268 1151 1343 Robertus
1174 1275 1345 1342 mortuus
1362 1276 1417 1342 est
1440 1269 1518 1343 sine
1535 1269 1638 1362 prole

467 1393 643 1484 mascula,
670 1391 729 1464 cui
755 1389 931 1464 successit
954 1388 1034 1462 eius
1059 1389 1176 1483 neptis
1201 1389 1271 1462 lilia
1298 1389 1459 1481 Veneris,
1477 1409 1562 1481 quae
1583 1395 1639 1462 ta-

468 1531 554 1586 men
580 1511 773 1607 magnifice
798 1509 1018 1606 gubernavit
1045 1529 1212 1603 regnum.
1227 1513 1322 1579 -Ε
1343 1499 1414 1598 oizi.
1441 1508 1506 1581 llic
1526 1515 1638 1582 autor

467 1629 637 1703 describit
669 1648 856 1703 recessum
889 1628 1000 1721 ipsius
1026 1627 1145 1700 Caroli
1171 1626 1314 1700 dicens:
1341 1632 1375 1699 E
1395 1617 1457 1716 oid
1488 1629 1525 1698 lu
1554 1630 1638 1718 vitu,

467 1748 569 1842 idest,
595 1748 730 1841 anima,
755 1750 793 1820 di
817 1749 896 1839 quot
919 1751 1008 1820 lunas
1023 1754 1140 1837 santo,
1157 1747 1292 1820 scilicet
1315 1747 1435 1820 Caroli
1456 1745 1638 1837 luminosi,

466 1867 576 1960 beati,
602 1870 729 1940 rioouu
753 1869 781 1938 s’
794 1888 859 1939 eru
882 1870 922 1939 ul
944 1869 1028 1958 sole,
1057 1866 1192 1940 scilicet
1212 1866 1258 1940 nd
1278 1867 1411 1958 Deum,
1433 1867 1496 1959 qui
1513 1873 1569 1940 est
1585 1865 1638 1938 sol

461 1987 622 2081 justitias,
647 1989 707 2058 cle
731 1990 769 2059 lu
792 1988 947 2077 nempe,
975 1986 1114 2058 lunrine
1144 2004 1224 2078 suo,
1254 1985 1349 2058 sicut
1380 1984 1433 2058 sol
1463 1982 1639 2058 sensibilis

467 2107 648 2181 illuminat
671 2106 802 2199 sidera,
819 2126 916 2177 como
934 2125 959 2174 u
977 2108 1055 2195 quel
1069 2105 1134 2177 beo
1151 2107 1202 2178 cl’
1216 2109 1265 2178 ad
1281 2109 1367 2196 oqui
1382 2125 1466 2177 cosa
1483 2101 1504 2178 e*
1523 2111 1639 2194 tuolo;

468 2228 555 2319 quia
582 2225 763 2300 inlinitum
784 2231 822 2298 et
838 2224 1060 2298 immensum
1079 2225 1212 2299 sufficit
1229 2225 1276 2299 ad
1293 2225 1427 2299 omnia.
1446 2225 1489 2296 Et
1506 2244 1552 2298 ex
1571 2225 1639 2296 hoc

470 2353 580 2420 autor
605 2345 689 2418 lacit
716 2365 829 2417 unam
855 2345 1020 2438 pulcram
1052 2345 1270 2419 invectivam
1304 2350 1433 2419 contra
1463 2343 1639 2435 homines,

470 2465 533 2558 qui
564 2465 704 2539 seducti
735 2465 982 2559 voluptatibus
1013 2472 1221 2558 sequuntur
1253 2467 1372 2539 solum
1404 2465 1640 2558 delectabilia,
1704 2545 1709 2554 ,

469 2585 564 2658 sicut
588 2573 834 2658 communiter
860 2584 996 2658 iaciunt
1021 2585 1185 2677 venerei;
1212 2585 1309 2659 unde
1338 2585 1519 2659 exclamat
1549 2583 1641 2657 indi·

469 2710 636 2800 guanter,
669 2707 753 2777 uli!
784 2703 874 2778 idest
900 2705 972 2778 lreu
1000 2705 1114 2798 vobis,
1145 2708 1260 2778 anime
1287 2708 1491 2795 lucunculo,
1524 2703 1640 2779 iallaci

469 2824 577 2918 hono,
612 2846 632 2896 e
659 2829 790 2920 solorre
819 2827 939 2916 empta,
968 2824 1070 2916 idest,
1102 2831 1284 2898 creaturae
1313 2825 1481 2900 crudeles
1512 2831 1641 2899 contra

469 2945 717 3038 vosmetipsas,
744 2943 970 3040 negligentes
995 2945 1184 3040 proprium
1212 2946 1350 3018 bouum
1378 2951 1557 3038 vestrum,
1582 2947 1642 3017 clu

469 3068 594 3135 torum
617 3066 632 3134 t
656 3065 768 3152 mori,
786 3062 889 3152 idest,
909 3063 1106 3138 removetis
1137 3063 1374 3137 intentionem
1402 3070 1576 3158 vestram,
1594 3067 1642 3138 da

469 3174 610 3274 slsutto
635 3182 712 3274 ben,
740 3181 787 3255 ad
813 3181 912 3274 quod
938 3182 1052 3256 creati
1078 3203 1208 3256 sumus
1233 3188 1270 3255 et
1296 3182 1511 3257 naturaliter
1540 3183 1642 3257 incli-

470 3304 749 3374 namur—Ed
771 3321 859 3374 ccco.
887 3302 951 3375 Hic
981 3310 1091 3376 autor
1122 3302 1317 3377 introducit
1343 3301 1536 3376 mulierem
1563 3323 1643 3376 mo-

470 3416 623 3492 dernam
641 3418 752 3493 liliam
771 3418 932 3494 Veneris.
952 3421 1004 3494 Ad
1023 3422 1129 3496 cuius
1146 3423 1392 3518 cognitionem
1411 3429 1465 3496 est
1482 3421 1642 3496 breviter

470 3536 672 3632 sciendum,
698 3539 797 3631 quod
823 3539 890 3614 ista
916 3540 983 3614 luit
1009 3541 1152 3616 Cunitia
1177 3563 1283 3617 soror
1308 3543 1394 3616 olim
1421 3543 1576 3617 Ecceliui
1598 3542 1644 3616 de

471 3658 637 3730 Romano
663 3659 806 3752 tyranni
833 3661 1095 3755 crudelissimi;
1128 3668 1228 3735 recte
1254 3661 1324 3732 lilia
1358 3661 1519 3750 Veneris,
1545 3679 1643 3732 sem-

471 3767 589 3871 perl²l
615 3797 798 3872 amorosa,
826 3799 931 3876 vaga,
964 3781 1010 3856 de
1047 3802 1122 3874 qun
1152 3781 1289 3854 dictum
1321 3785 1377 3852 est
1408 3778 1566 3872 capitulo
1597 3775 1643 3850 Vl

473 3897 691 3992 Purgatorii,
705 3899 865 3991 qualiter
878 3901 1036 3976 habebat
1054 3921 1131 3975 rem
1152 3921 1237 3974 curn
1252 3899 1417 3973 Sordello
1430 3899 1642 3991 Mantuano,

473 4023 510 4091 et
535 4038 621 4091 cum
649 4020 718 4092 lroc
745 4021 854 4093 simul
880 4027 961 4095 erat
981 4022 1050 4115 pia,
1069 4022 1238 4116 benigna,
1257 4020 1475 4113 misericors,
1493 4041 1644 4114 compa·

474 4135 565 4209 tiens
580 4137 730 4232 miseris,
746 4160 840 4232 quos
857 4140 971 4214 irater
988 4140 1186 4214 crudeliter
1202 4139 1397 4236 affligebat.
1412 4139 1540 4214 Merito
1553 4159 1644 4236 ergo

473 4262 579 4349 poeta
613 4257 715 4354 lingit
752 4279 792 4334 se
831 4261 995 4354 reperire
1025 4261 1130 4334 istam
1157 4260 1194 4333 in
1221 4280 1326 4354 spera
1357 4260 1518 4335 Veneris.
1551 4261 1642 4333 Nam

473 4373 502 4447 si
528 4377 681 4471 gentiles
706 4380 869 4474 cypriani
891 4381 1154 4455 deificaverunt
1179 4401 1284 4453 suam
1304 4380 1499 4472 Venerem,
1520 4386 1558 4454 et
1583 4399 1644 4452 ro-

535 4637 563 4699 (¹)
579 4642 602 4697 t,
619 4651 670 4688 non
687 4637 765 4689 dicus.
1014 4637 1043 4703 (¹)
1060 4640 1089 4690 E.
1106 4641 1166 4703 quia
1182 4653 1293 4703 semper.
