3746 5680
600 447 607 461 ’
652 491 791 545 caurus
815 491 983 546 nncrrrus.
1360 476 1406 545 39
1519 503 1525 516 ·

232 658 270 709 se
297 657 370 709 oon
403 638 615 726 eom'ccqrrn
639 638 689 707 clr'
703 638 741 708 ol
773 656 854 707 mar
888 655 961 707 nore
991 639 1023 708 si
1054 639 1147 728 coln,
1183 636 1277 710 sicut
1307 657 1405 731 aqua

236 756 366 852 stagni,
392 776 479 830 curn
507 762 630 829 tamen
647 755 767 829 omnis
784 776 882 849 aqua
903 757 1119 830 naturaliter
1145 756 1340 832 inclinetur
1360 758 1405 832 ad

234 895 351 966 mare,
376 879 532 966 quondo,
559 896 625 968 pro
655 876 753 968 quia,
779 878 814 947 lo
839 879 968 966 rappio
1002 878 1095 949 dello
1127 881 1271 968 pruzia,
1302 877 1408 972 idest,

236 995 359 1068 radius
381 995 513 1068 divinae
531 995 671 1089 gratiae,
690 998 780 1068 ende
800 999 829 1067 s'
842 1000 992 1069 accende
1018 1018 1141 1069 veram
1166 1019 1301 1088 amore,
1320 999 1405 1090 quia

235 1121 358 1189 rectus
382 1135 490 1188 amor
515 1115 636 1188 divina
654 1115 773 1209 gratia
790 1115 1003 1189 accenditur
1019 1116 1066 1189 ad
1083 1116 1283 1190 amandum
1303 1139 1408 1191 sum-

236 1254 339 1307 mum
367 1234 519 1327 bonum,
546 1257 565 1307 e
589 1237 648 1307 che
667 1238 732 1326 poi
756 1255 870 1306 cresce
895 1238 1063 1326 emendo,
1100 1236 1186 1328 quia
1217 1258 1323 1311 amor
1356 1238 1407 1312 sic

233 1373 411 1428 accensus
436 1353 611 1427 continuo
630 1353 746 1449 magis
765 1353 895 1449 llagrat
920 1354 1053 1428 ardore
1069 1349 1104 1447 (¹)
1124 1356 1297 1449 caritatis,
1316 1360 1407 1429 mul-

234 1477 386 1566 tiplicate
416 1477 454 1546 ie
487 1483 531 1562 te,
561 1494 646 1546 nam
687 1461 810 1547 radius
841 1473 973 1547 diviuae
1003 1474 1131 1569 gratiae
1165 1475 1286 1568 primo
1319 1497 1408 1550 con-

235 1595 342 1668 cessit
367 1600 404 1668 te
428 1593 651 1668 descendere
684 1613 749 1686 per
788 1593 984 1685 infernum,
1015 1595 1177 1668 secundo
1207 1594 1408 1669 ascendere

236 1735 301 1808 per
318 1715 453 1787 scalam
475 1713 697 1809 purgatorii3
716 1719 753 1786 et
771 1733 869 1786 nunc
887 1713 994 1786 tertio
1013 1714 1177 1787 concedit
1199 1715 1262 1788 tibi
1280 1736 1408 1789 ascen-

236 1833 326 1907 dere
349 1852 414 1928 per
445 1855 630 1908 summam
666 1833 802 1906 scalam
835 1831 1008 1925 paradisi;
1036 1833 1132 1906 unda
1169 1833 1276 1907 dicit:
1314 1843 1409 1907 teoto

236 1955 409 2044 resplende
432 1957 471 2025 in
495 1960 539 2042 te,
565 1955 625 2026 cte
642 1955 666 2024 a·
685 1955 838 2025 condoce
853 1973 894 2024 su
908 1972 974 2043 per
991 1953 1106 2042 quella
1124 1957 1236 2044 scola,
1261 1953 1408 2046 scilicet,

237 2072 332 2165 ooeli,
358 2081 396 2147 ct
420 2073 524 2146 dicit:
550 2077 596 2164 tr',
624 2073 725 2165 idest,
754 2071 862 2164 unde,
889 2093 1015 2144 hersen
1040 2075 1199 2145 ducende
1222 2094 1332 2145 senze
1356 2077 1409 2145 ri-

235 2195 338 2282 snlir,
365 2193 450 2285 quia
478 2193 600 2265 nullus
624 2192 810 2266 descendit
827 2191 873 2265 de
893 2192 997 2284 coelo,
1016 2192 1079 2284 qui
1102 2213 1173 2266 nou
1192 2194 1407 2268 reascendat

235 2313 368 2408 ipsum,
395 2312 488 2386 sicut
512 2318 611 2407 patet
636 2313 682 2386 de
709 2311 834 2384 multis
858 2311 997 2408 angelis
1015 2318 1052 2385 ct
1068 2312 1262 2386 animabus
1280 2314 1409 2388 beato-

236 2454 334 2506 rum.
362 2433 406 2504 Et
425 2431 477 2504 sic
494 2439 580 2504 nota
597 2452 664 2525 pro
682 2438 826 2525 autore,
845 2430 943 2524 quod
964 2432 993 2504 si
1014 2431 1065 2504 sic
1086 2439 1141 2506 est
1158 2433 1278 2507 adhuc
1299 2433 1409 2507 debet

238 2550 374 2624 reverti
399 2550 446 2623 ad
471 2550 702 2644 paradisum3
731 2549 828 2624 unde
848 2551 926 2645 jam
953 2551 1019 2622 sibi
1046 2571 1143 2645 saepe
1162 2553 1327 2646 promisit
1349 2573 1408 2627 re·

237 2671 354 2744 ditum
380 2670 425 2744 ad
451 2671 607 2744 coelum:
634 2676 671 2744 et
696 2670 791 2743 bene
816 2669 903 2762 quia
930 2670 1183 2762 unusquisque
1200 2670 1308 2746 debet
1325 2691 1410 2745 cre-

235 2792 326 2865 dere
350 2811 391 2864 se
416 2810 497 2864 esse
521 2789 567 2864 de
592 2810 750 2864 numero
775 2789 1033 2864 salvandorum
1051 2780 1107 2879 (²l:
1140 2797 1175 2862 ta
1201 2794 1281 2862 arrei
1304 2811 1411 2881 saper

236 2915 274 2984 di
291 2914 376 3003 qimi
393 2915 515 3003 pionte
539 2913 844 3003 siofioraquesto
860 2912 1065 3000 pbirlnrrdo,
1089 2909 1181 2983 idest
1206 2930 1252 2984 ex
1278 2910 1411 3003 quibus

235 3032 429 3106 animabus
467 3031 601 3105 lloridis
637 3031 773 3104 texitur
803 3030 871 3103 ista
904 3050 1058 3123 corona,
1092 3033 1151 3102 che
1176 3033 1317 3103 'etorm
1349 3051 1412 3101 va-

235 3154 400 3242 qmqpia,
436 3151 538 3242 idest,
574 3170 659 3243 quae
692 3169 829 3224 corona
864 3148 1078 3222 lloridorum
1111 3149 1307 3222 doctorum
1340 3147 1414 3222 cir-

237 3269 430 3363 cumspicit
452 3270 726 3360 delectabiliter,
753 3272 789 3342 lo
814 3269 903 3340 bello
928 3271 1062 3358 dmna,
1088 3267 1222 3341 scilicet
1244 3269 1411 3362 pulcram

213 3389 426 3466 ,scientiam
466 3387 669 3484 theologie,
704 3391 755 3460 cb'
769 3391 808 3460 al
837 3389 901 3460 orel
931 3390 1155 3482 revenere,
1191 3387 1293 3480 idest,
1327 3407 1412 3480 quae

238 3509 376 3583 animat
401 3515 439 3582 et
464 3509 607 3603 vigorat
633 3513 669 3581 tc
695 3507 739 3580 ad
766 3506 1036 3581 ascendendum
1064 3507 1325 3580 coelum-lo
1347 3510 1410 3600 sni.

238 3626 303 3700 llic
326 3628 485 3700 Thomas
510 3627 690 3720 explicato
708 3625 886 3700 desiderio
903 3626 1043 3699 autoris
1061 3626 1185 3720 incipit
1202 3626 1412 3701 satisfacere

216 3841 220 3850 ι
239 3745 302 3840 ipsi
328 3747 521 3839 desiderio,
540 3746 774 3819 manifestans
793 3745 911 3839 primo
927 3765 967 3818 sc
985 3745 1116 3839 ipsum.
1137 3745 1192 3819 hd
1209 3745 1315 3820 cuius
1333 3744 1412 3818 evi-

237 3863 397 3938 dentiam
425 3872 480 3940 est
505 3864 769 3959 praescicndum
797 3864 897 3957 quod
914 3864 983 3938 iste
999 3863 1157 3937 Thomas
1178 3863 1246 3936 luit
1270 3863 1413 3936 italicus

238 3984 285 4058 de
310 4004 427 4079 regno
452 3983 602 4077 Apuliae,
629 3982 675 4057 de
701 3983 847 4056 civitate
868 4003 951 4076 quae
976 3983 1108 4056 dicitur
1125 3983 1324 4075 Aquinum,
1345 4001 1414 4054 uo·

239 4102 301 4175 bili
325 4123 475 4198 genere,
502 4102 589 4195 quia
614 4101 660 4176 de
690 4102 885 4176 comitibus
910 4103 956 4176 de
981 4102 1125 4195 Aquino
1141 4099 1412 4193 antiquissimis,

238 4221 387 4296 scientia
412 4223 547 4315 claruS,
565 4222 639 4296 vita
660 4222 819 4318 insignis,
846 4222 910 4316 qui
936 4221 1093 4316 plurima
1120 4221 1260 4315 scripsit
1286 4222 1415 4316 praeci-

239 4362 312 4436 pue
334 4343 370 4414 iu
394 4363 499 4416 sacra
517 4343 698 4438 theologia
712 4349 794 4438 etc,
808 4342 868 4417 cui
887 4342 1025 4415 dictum
1044 4348 1115 4415 est:
1135 4342 1229 4416 bene
1245 4342 1414 4436 scripsisti
1501 4355 1503 4360 ’

308 4525 317 4554 1

298 4529 327 4662 {¹³
343 4525 375 4653 ἓ
391 4539 582 4662 :culmorum
599 4609 626 4656 et
641 4619 669 4657 se
684 4607 717 4656 sd
733 4607 759 4656 ld
775 4607 836 4657 totis
851 4605 985 4655 aflectibus
1001 4618 1161 4669 preparare:
1179 4610 1208 4655 tn
1223 4606 1290 4655 enci.
