3746 5680
665 497 803 552 caurus
829 498 996 553 nncrnus.
1368 489 1413 554 29

239 648 355 722 terius
381 645 582 739 procedere
608 644 706 718 circa
737 644 841 719 istam
869 644 1061 732 materiam
1097 646 1269 740 relinquit
1294 646 1413 720 studio
1470 695 1476 708 ·

238 775 276 842 et
299 764 447 862 ingenio
472 763 659 857 auditoris,
686 764 716 837 si
743 765 829 838 velit
859 764 1015 839 ulterius
1041 765 1272 861 investigare,
1300 785 1415 840 excu-

240 908 324 960 sans
348 905 388 958 se
413 883 442 956 si
468 903 542 956 non
567 882 805 976 prosequitur
830 883 1024 958 materiam
1056 885 1275 960 inchoatam.
1313 885 1416 959 Unde
1481 954 1487 967 ,

241 1006 348 1079 dicit:
379 1008 411 1076 0
436 1006 548 1093 letter,
575 1023 619 1074 or
644 1007 670 1075 o·
692 1006 812 1076 nmen
836 1024 947 1076 soora
971 1007 999 1078 il
1022 1011 1079 1078 tuo
1104 1006 1230 1096 banco,
1255 1005 1358 1098 idest,
1380 1004 1416 1076 in

240 1123 360 1198 studio
395 1129 471 1216 tuo,
493 1125 678 1213 pensando
704 1125 828 1217 dietro,
858 1121 960 1217 idest,
988 1124 1197 1199 meditando
1223 1131 1260 1198 et
1286 1143 1415 1218 specu-

240 1243 360 1337 lando,
386 1263 411 1314 a
435 1237 488 1316 oid
513 1245 572 1316 clte
597 1246 628 1316 st
654 1244 1063 1338 preloquutum
1099 1245 1292 1319 materiam
1320 1264 1414 1338 prae-

240 1371 376 1438 tactam
402 1384 470 1458 pro
496 1363 686 1438 evidentia.
713 1364 758 1436 Et
782 1363 944 1458 assignat
970 1363 1131 1437 fructum
1158 1364 1267 1438 buius
1292 1362 1414 1456 studii,

240 1483 375 1576 dicens,
400 1505 437 1556 se
467 1487 547 1556 vuol
579 1504 674 1555 esser
707 1487 804 1557 assai
834 1486 912 1557 licto
940 1487 1028 1576 prio
1053 1485 1113 1556 cite
1137 1490 1283 1575 stonco;
1309 1483 1414 1576 quasi

240 1602 359 1676 dicat:
386 1602 467 1676 talis
493 1609 547 1677 est
574 1602 728 1677 materia
745 1603 925 1695 inchoata,
945 1603 1042 1696 quod
1061 1603 1090 1675 si
1109 1623 1283 1677 exerceas
1304 1609 1412 1674 tuum

242 1721 430 1816 ingenium
456 1722 554 1796 circa
580 1721 825 1818 cognitionem
858 1721 937 1794 eius
967 1721 1120 1815 recipies
1151 1742 1323 1816 magnam
1351 1720 1416 1794 de·

244 1841 473 1915 lectationem
492 1847 693 1934 antequam
714 1840 919 1914 intellectus
937 1847 1023 1912 tuus
1041 1840 1085 1913 sit
1103 1840 1290 1935 fatigatus,
1309 1841 1414 1933 quasi

242 1958 360 2033 dicat:
386 1961 556 2053 quamvis
581 1961 686 2034 labor
711 1959 821 2033 buius
848 1959 1131 2056 investigationis
1149 1960 1194 2033 sit
1217 1960 1414 2054 maximus,

243 2085 368 2152 tamen
394 2084 493 2152 tanta
520 2086 576 2154 est
600 2079 803 2172 delectatio,
821 2078 920 2172 quod
946 2099 1019 2152 non
1046 2078 1221 2174 permittit
1247 2078 1413 2153 animum

241 2199 376 2290 latisci3
403 2219 489 2272 narn
516 2199 689 2274 continuo
717 2198 833 2292 magis
860 2203 897 2272 et
923 2198 1039 2293 magis
1064 2199 1276 2273 accenditur
1302 2218 1415 2293 appe-

243 2318 350 2411 titus,
376 2337 463 2390 nam
488 2317 720 2392 admirabiles
745 2317 1002 2392 delectationes
1024 2319 1131 2393 allert
1149 2318 1331 2412 inquisitio
1350 2337 1414 2390 ve·

242 2435 358 2510 ritatis
384 2437 590 2530 potentibus
615 2457 745 2510 causas
773 2457 900 2511 rerum
928 2457 1165 2533 cognoscere,
1194 2443 1232 2512 ut
1257 2437 1308 2511 ait
1331 2436 1414 2509 Ari-

243 2558 399 2631 stoteles.
433 2557 477 2629 Et
501 2557 645 2631 subdit:
679 2577 789 2629 masso
821 2560 901 2630 t’to
925 2561 1085 2651 innanzi,
1111 2560 1213 2652 idest,
1240 2555 1411 2653 proposui

243 2677 306 2749 tibi
331 2675 464 2750 dictam
492 2676 696 2767 materiam,
729 2680 825 2748 omui
842 2699 911 2769 per
937 2684 967 2751 tc
992 2682 1018 2751 o·
1041 2679 1130 2769 aba,
1162 2678 1249 2771 quia
1279 2676 1413 2750 scilicet

242 2797 309 2871 ista
336 2817 409 2869 non
434 2803 519 2870 sunt
544 2796 590 2871 de
614 2796 801 2891 principali
826 2796 1027 2872 intentione
1053 2819 1148 2872 mea.
1182 2799 1226 2870 Et
1255 2797 1414 2892 assignat

242 2937 392 2991 causam
418 2936 537 3010 quare
561 2937 635 2990 non
659 2916 907 3010 prosequitur,
933 2917 1080 2992 dicens:
1108 2914 1174 2990 clad
1197 2920 1310 3009 quello
1336 2935 1413 2986 mu-
1480 2923 1484 2932 '

246 3039 334 3109 teria
359 3037 488 3107 ond'io
512 3056 576 3108 son
599 3038 690 3127 sotto
714 3037 844 3126 scribo,
863 3035 964 3129 idest,
986 3036 1152 3130 scriptor,
1178 3057 1251 3109 non
1277 3035 1415 3126 doctor,

244 3155 345 3247 idest,
373 3154 527 3229 materia
553 3161 668 3229 status
693 3155 903 3230 animarum
930 3143 1089 3250 poetice,
1104 3176 1217 3249 quam
1235 3155 1415 3248 assumpsi

243 3276 532 3369 describendam,
557 3280 685 3349 rttorce
702 3283 786 3348 tutto
805 3279 841 3348 lo
858 3278 930 3348 mio
946 3296 1035 3349 coro
1060 3297 1084 3348 a
1108 3273 1157 3366 sd,
1178 3276 1281 3369 idest,
1304 3275 1415 3348 trabit

243 3401 358 3470 totam
384 3395 622 3470 intentionem
640 3403 677 3469 et
693 3395 944 3490 operationem
964 3415 1086 3469 meam
1105 3394 1220 3488 adse,
1247 3393 1414 3488 *princi-

246 3517 327 3610 pale
349 3518 482 3609 tbema,
497 3515 601 3608 quasi
622 3515 736 3588 dicat:
759 3535 832 3588 non
850 3515 998 3589 intendo
1015 3516 1149 3590 docere
1165 3514 1414 3608 astrologiam,

245 3636 329 3731 quia
363 3636 480 3710 babeo
506 3635 678 3730 prosequi
710 3634 903 3708 materiam
934 3635 1115 3728 poeticam
1149 3634 1196 3708 de
1222 3631 1331 3707 Deo*
1358 3624 1416 3725 (⁴);

245 3777 348 3848 nam,
378 3761 471 3829 teste
503 3755 731 3850 pbilosopbo,
762 3761 880 3849 poetae
914 3754 1063 3828 luerunt
1095 3754 1201 3848 primi
1234 3752 1414 3847 theologi-

245 3881 370 3952 zantes
394 3874 440 3949 de
465 3874 553 3948 Deo.
912 3859 917 3870 ⁵

318 3998 367 4066 Lo
393 3996 562 4067 ministro.
589 3995 659 4067 lsta
685 3999 741 4067 est
764 3992 924 4066 secunda
949 3997 1034 4085 pars
1059 3989 1252 4086 generalis,
1280 3989 1317 4061 in
1343 4010 1416 4081 qua

243 4122 353 4189 autor
368 4114 539 4189 describit
552 4134 662 4187 suum
679 4133 873 4187 ascensum
891 4111 937 4186 ad
955 4132 1100 4206 speram
1119 4110 1222 4202 solis3
1242 4114 1278 4182 et
1297 4108 1415 4203 primo

244 4234 400 4309 ostendit
424 4233 693 4329 dispositionem
720 4232 832 4326 ipsius
860 4231 956 4325 solie,
982 4238 1020 4304 et
1043 4229 1128 4303 dicit
1153 4228 1251 4322 quod
1278 4235 1358 4303 erat
1381 4229 1417 4301 in

206 4351 213 4371 '
245 4354 419 4450 principio
443 4354 576 4428 arietis.
610 4354 712 4427 Unde
742 4351 848 4426 dicit:
876 4356 926 4423 Lo
950 4352 1110 4423 ministro
1135 4352 1299 4439 maggior
1325 4351 1416 4422 della

309 4617 338 4676 (¹)
352 4616 388 4666 bs
404 4615 493 4679 parole
509 4615 550 4666 fra
566 4616 575 4666 l
591 4614 642 4665 duo
657 4612 791 4665 asteriscbl
806 4625 854 4662 son
870 4612 981 4675 supplite
996 4611 1065 4675 dagli
1080 4611 1140 4661 altri
1156 4614 1196 4661 tre
1212 4608 1307 4659 (ludici.
