3746 5680
461 487 507 554 38
852 498 1056 554 counnrunr
1081 499 1247 552 nnnanrsr

459 644 515 718 isti
548 645 716 718 doctores
750 644 912 739 dirigunt
943 644 1119 739 degentes
1151 643 1187 716 in
1217 644 1353 717 saeculo
1379 639 1560 736 amaro(¹)
1587 645 1632 718 ad

457 765 567 839 linem
587 764 765 838 felicitatis
783 769 820 837 et
836 763 1068 837 salvationis:
1094 769 1132 837 et
1158 762 1252 836 sicut
1277 761 1382 836 dictae
1406 765 1521 838 stellae
1547 773 1633 839 sunt

458 886 606 959 altiores
631 884 734 958 nobis
760 889 797 956 et
823 889 1010 978 perpetum
1036 882 1280 976 apparitionis,
1307 882 1356 956 ita
1382 883 1438 956 isti
1464 884 1633 958 doctores

458 1012 563 1080 erant
589 1003 847 1078 eminentiores
865 1009 901 1076 et
923 1008 1100 1096 perpetuo
1117 1009 1334 1097 apparentes
1353 1003 1457 1076 nobis
1475 1011 1543 1077 etc.
1562 1004 1636 1092 Qui·

456 1132 582 1199 autem
609 1124 678 1196 sint
706 1123 774 1217 poli
802 1129 839 1195 et
865 1122 952 1215 quid
978 1122 1049 1194 sint
1064 1123 1142 1216 jam
1161 1143 1258 1216 saepe
1274 1122 1495 1196 dictumest
1515 1123 1553 1195 in
1575 1124 1631 1195 in·

458 1245 562 1318 ferno
588 1251 625 1318 et
650 1241 875 1338 purgatorio,
901 1249 939 1316 et
964 1242 1106 1316 dicetur
1132 1243 1167 1315 in
1193 1243 1360 1336 paradiso
1387 1243 1466 1316 isto.

530 1371 563 1437 E
589 1369 712 1437 dentre
745 1366 874 1436 atton.
904 1365 971 1436 lsla
998 1368 1052 1436 est
1078 1371 1211 1455 quarta
1237 1370 1274 1437 et
1302 1364 1429 1437 ultima
1455 1385 1539 1458 pars
1564 1386 1630 1460 ge-

458 1486 591 1559 neralis
608 1477 657 1576 (²),
685 1485 720 1557 in
746 1506 821 1578 qua
846 1491 956 1557 autor
981 1483 1178 1557 introducit
1207 1504 1321 1558 unam
1347 1485 1508 1557 animam
1536 1505 1631 1580 prae-

457 1605 697 1678 clarissimam
715 1605 878 1678 moderni
893 1604 1063 1697 doctoris,
1082 1625 1166 1697 quae
1184 1604 1353 1678 describit
1370 1625 1410 1678 se
1426 1612 1463 1680 et
1479 1606 1569 1679 alias
1580 1599 1628 1697 (³).

456 1725 541 1799 Haec
573 1732 698 1800 autem
735 1732 814 1800 erat
847 1726 971 1799 anima
1001 1725 1124 1799 eximii
1157 1713 1367 1815 doctoris(⁸)
1403 1725 1552 1799 Tbomae
1583 1727 1630 1800 de
1691 1726 1695 1738 '

455 1845 620 1939 Aquin03
646 1846 692 1919 de
717 1846 823 1919 cuius
841 1853 963 1918 morte
979 1851 1015 1918 et
1033 1843 1242 1940 dignissima
1257 1837 1293 1935 (⁵)
1313 1845 1630 1922 commendatione

456 1965 630 2059 scriptum
656 1965 764 2038 estin
783 1964 988 2060 Purgatorii
1008 1963 1177 2057 capitulo.
1200 1964 1340 2037 inducit
1365 1970 1490 2039 autem
1519 1966 1626 2038 istum

455 2087 588 2160 merito
616 2085 907 2159 manifestantem
934 2085 1024 2157 alios
1049 2084 1227 2176 doctores,
1255 2084 1341 2176 quia
1368 2084 1445 2157 illos
1476 2084 1628 2157 familia-

456 2207 545 2280 riter
571 2211 736 2298 noverat,
761 2225 891 2278 eorum
909 2194 946 2294 (⁶)
972 2203 1065 2276 dicta
1097 2209 1134 2277 et
1167 2204 1301 2297 scripta
1332 2224 1480 2278 summo
1509 2204 1628 2278 studio

457 2332 495 2400 et
526 2325 701 2398 scrutinio
733 2324 953 2420 investigans
970 2312 1019 2414 (⁷).
1046 2323 1169 2396 Primo
1195 2343 1285 2418 ergo
1320 2322 1456 2396 inducit
1488 2324 1625 2398 dictum

455 2445 646 2537 Thomam‚
673 2444 735 2537 qui
764 2443 939 2537 praevenit
964 2449 1147 2535 autorem,
1171 2463 1241 2516 non
1261 2448 1451 2535 expectata
1473 2444 1553 2517 eius
1573 2445 1628 2515 in-

458 2564 718 2658 terrogatione,
736 2562 930 2636 ostendens
950 2561 1049 2655 quod
1075 2563 1154 2635 vult
1179 2562 1388 2636 satisfacere
1413 2563 1492 2636 eius
1506 2553 1542 2656 (⁸)
1562 2563 1628 2637 de·

456 2682 601 2775 siderio,
628 2683 714 2775 quia
745 2681 930 2778 cognoscit
962 2688 1100 2754 tantam
1134 2682 1291 2776 gratiam
1323 2682 1450 2756 lucere
1481 2683 1518 2754 in
1551 2683 1627 2777 ipso

454 2810 597 2877 autore.
618 2802 709 2877 Dicit
727 2822 817 2898 crgo
835 2807 968 2875 autor:
989 2804 1133 2874 usmttt
1150 2805 1341 2874 concinetur
1358 2805 1482 2875 denno
1499 2806 1625 2894 atton,

453 2923 588 2996 scilicet
613 2923 791 2995 Thomam
818 2922 863 2995 de
889 2921 1033 3013 Aquino
1059 2921 1181 2995 audivi
1207 2922 1366 3015 incipere
1383 2922 1483 3015 loqui
1509 2929 1546 2996 et
1570 2923 1627 2996 di-

452 3062 549 3116 cere.
576 3041 710 3116 Ordina
736 3042 788 3115 sic
812 3041 977 3114 literam:
1005 3043 1089 3134 quot
1114 3044 1304 3130 dnepasse
1319 3042 1347 3113 tt
1363 3045 1421 3113 oto
1441 3045 1533 3114 dello
1559 3063 1623 3115 sua

448 3166 538 3255 fiola
557 3185 624 3254 per
650 3166 687 3234 lu
716 3171 776 3235 tua
804 3170 885 3254 sen,
921 3161 1022 3253 idest,
1056 3161 1284 3254 quicumque
1315 3167 1482 3234 nostrum
1515 3163 1627 3238 deue-

451 3290 557 3378 garet
583 3282 644 3355 tibi
671 3282 778 3355 dulce
804 3281 991 3374 eloquium
1019 3301 1129 3352 suum
1148 3281 1193 3353 ad
1215 3281 1501 3377 extinguendam
1528 3284 1623 3357 sitim

450 3400 503 3473 tui
530 3400 708 3493 desiderii,
731 3421 801 3472 non
824 3405 910 3493 [ora
934 3403 971 3470 in
997 3390 1132 3490 uteru,
1154 3401 1239 3493 quia
1267 3401 1403 3476 scilicet
1428 3403 1560 3476 caritas
1586 3403 1622 3476 in

451 3541 524 3613 qua
551 3540 680 3592 sumus
708 3519 792 3592 facit
823 3539 887 3590 nos
918 3519 1012 3592 velle
1041 3519 1249 3594 satisfacere
1280 3521 1485 3616 indigentiae
1505 3522 1624 3616 justo-

450 3663 549 3732 rum,
574 3647 610 3714 et
636 3640 750 3713 libere
777 3641 845 3712 boc
870 3638 1040 3730 facimus;
1068 3639 1168 3732 quod
1187 3641 1217 3712 si
1236 3661 1308 3714 non
1326 3642 1532 3716 faceremus
1550 3663 1623 3716 non

450 3760 674 3834 haberemus
699 3759 903 3833 libertatem
930 3757 1081 3850 arbitrii,
1104 3760 1190 3853 quia
1204 3750 1242 3852 (⁰)
1266 3781 1338 3834 non
1356 3781 1551 3855 possumus
1568 3762 1623 3835 fa-

449 3901 536 3956 cere
561 3879 658 3978 illud
675 3879 774 3973 quod
800 3879 990 3952 volumus:
1018 3881 1087 3954 boc
1112 3886 1236 3954 autem
1265 3887 1318 3954 est
1343 3881 1563 3975 impossibile
1586 3882 1623 3956 in

449 4001 510 4075 illo
523 4003 632 4076 beato
646 4020 771 4096 regno.
786 3999 862 4072 Hoc
874 3991 926 4090 (¹⁰)
940 3993 1242 4073 autem'dedarat
1260 4021 1326 4094 per
1343 4001 1461 4075 simile
1478 4001 1620 4076 dicens:

508 4239 534 4300 (¹)
554 4241 583 4288 E.
600 4240 696 4290 saeculo
714 4242 763 4290 boc
781 4253 877 4290 amaro.
1068 4242 1095 4304 (¹)
1113 4243 1142 4292 Ε.
1160 4245 1287 4306 generalis
1304 4245 1380 4294 butus
1397 4245 1624 4309 capitalemque

507 4313 533 4376 (¹)
551 4316 580 4364 E.
597 4321 624 4364 et
640 4317 703 4364 alius
720 4317 814 4366 ibidem
831 4318 938 4367 animas.
955 4317 1026 4367 llaec.
1068 4319 1095 4378 (¹)
1113 4319 1142 4368 E.
1160 4320 1274 4370 doctoris
1290 4321 1361 4370 illius
1377 4321 1444 4369 beati
1463 4322 1580 4370 Tbornre.

507 4391 535 4451 (Ἰ
554 4391 583 4440 li.
600 4397 626 4439 et
643 4393 791 4453 dignissima
807 4395 863 4442 eius
880 4394 1115 4445 commendatione.

511 4465 538 4526 (⁸)
553 4467 583 4515 E.
601 4472 626 4516 ct
643 4481 734 4518 corum
751 4470 828 4520 dicta.
1067 4471 1094 4531 (lt
1112 4471 1141 4521 Ε.
1159 4472 1328 4536 investigarit.

509 4541 536 4602 (⁸)
553 4543 583 4592 11.
600 4543 715 4593 eiusdem
732 4546 868 4596 desiderio.
1065 4547 1092 4610 (⁰)
1109 4547 1138 4597 E.
1156 4550 1266 4612 quando.

499 4617 536 4677 θ’)
552 4619 583 4670 E.
599 4619 633 4669 Et
649 4621 763 4672 declarat
780 4623 829 4672 boc
846 4635 901 4686 per.
