3746 5680
471 494 515 561 16
860 501 1064 557 comunruu
1089 503 1256 555 ranaursr

468 647 567 743 quod
585 647 737 723 Massilia
757 653 795 720 et
812 647 938 744 Bugea
960 667 1000 720 se
1018 666 1064 720 er
1090 645 1256 740 opposito
1281 643 1491 739 respiciunt,
1506 648 1639 735 napea,

468 789 552 862 quae
577 774 633 842 est
657 767 784 842 civitas
810 767 847 840 in
873 766 979 841 litore
1003 765 1214 858 africanae
1236 767 1272 836 lo
1297 770 1397 835 terra
1421 766 1551 836 ond’io
1573 766 1639 856 (tri,

468 888 571 981 idest,
597 886 762 980 Massilia,
788 887 895 960 cuius
928 906 999 982 ego
1030 886 1082 959 lui
1112 885 1212 977 civis,
1245 885 1338 957 aede
1368 887 1470 975 quusi
1498 885 1549 956 ud
1572 903 1642 955 uno

466 1027 592 1081 occaso
626 1015 659 1080 et
694 1007 745 1078 od
781 1027 827 1078 un
864 1013 973 1098 orto,·
1011 1007 1081 1079 hoc
1118 1004 1214 1097 dicit,
1246 1003 1332 1098 quia
1367 1003 1502 1077 babent
1536 1001 1641 1096 quasi

467 1128 642 1202 cumdem
668 1126 931 1220 meridianum,
957 1124 1062 1219 quasi
1082 1124 1189 1217 dicat,
1208 1122 1308 1216 quod
1326 1123 1478 1197 Massilia
1497 1129 1640 1196 tantum

466 1247 574 1321 distat
598 1268 621 1320 a
646 1247 792 1320 levante
816 1252 852 1320 et
877 1251 1047 1339 ponente,
1074 1249 1256 1338 quantum
1274 1244 1402 1338 Bugea
1419 1261 1504 1335 qum
1525 1247 1580 1316 est
1604 1241 1642 1313 in
1703 1241 1707 1250 “

465 1367 573 1442 litore
601 1366 767 1442 adverso.
801 1366 845 1438 Et
884 1364 1027 1438 subdit:
1059 1367 1132 1454 cle,
1167 1362 1269 1456 idest,
1295 1383 1380 1456 quae
1416 1368 1516 1436 terra
1543 1381 1639 1453 mea,
1771 1423 1774 1430 .

464 1490 509 1580 set
516 1477 578 1577 pu
594 1488 698 1559 caldo
714 1488 743 1557 il
751 1491 859 1576 porto
875 1487 933 1557 del
943 1505 1007 1557 suo
1018 1504 1161 1574 suopte.
1185 1481 1238 1556 lu
1260 1481 1359 1576 quod
1379 1489 1436 1556 est
1452 1480 1640 1556 sciendum

467 1604 579 1698 quod,
597 1605 690 1679 sicut
714 1603 838 1677 scribit
863 1602 1057 1677 Suetonius
1083 1602 1201 1676 maior
1218 1600 1265 1675 de
1282 1602 1377 1675 bello
1395 1601 1502 1694 civili,
1520 1601 1642 1675 Cesar

468 1724 594 1820 fugato
612 1723 785 1815 Pompeio
803 1728 839 1796 et
856 1727 987 1796 senatu
1005 1741 1052 1795 er
1072 1722 1186 1815 ltalia,
1208 1721 1408 1814 composita
1426 1720 1532 1814 urbe,
1549 1719 1640 1792 dum

467 1848 719 1916 reverteretur
736 1842 772 1914 in
790 1841 999 1935 Hispaniam
1017 1848 1145 1914 contra
1167 1840 1307 1934 legatos
1324 1839 1486 1934 Pompeii
1507 1838 1642 1912 iaciens

467 1962 662 2036 transitum
694 1982 761 2058 per
794 1962 947 2036 Galliam
983 1959 1150 2054 pervenit
1175 1959 1393 2052 Massiliam3
1426 1959 1486 2034 cui
1513 1958 1642 2032 massi-

467 2082 598 2157 lienses
632 2082 845 2156 clauserunt
878 2087 1021 2174 portas:
1049 2079 1147 2173 quod
1183 2079 1306 2154 Cesar
1340 2081 1493 2153 moleste
1522 2078 1642 2152 lerens
1785 2129 1787 2134 ι

467 2203 582 2296 ipsam
608 2201 795 2276 obsidione
811 2199 934 2293 cinxit,
955 2199 1103 2274 dimisso
1129 2200 1245 2272 Bruto
1271 2199 1319 2272 ibi
1336 2199 1458 2294 legato
1477 2219 1556 2291 suo,
1577 2197 1640 2292 qui

468 2327 664 2415 superatus
690 2321 727 2394 in
753 2327 854 2395 terra
879 2320 963 2394 lecit
988 2320 1126 2394 bellum
1153 2321 1284 2394 navale
1314 2320 1351 2392 in
1386 2320 1491 2392 mari.
1519 2317 1643 2392 Massi·

467 2440 598 2514 lieuses
622 2440 707 2514 elati
733 2441 852 2535 prima
878 2440 1029 2514 victoria
1056 2440 1242 2536 congressi
1268 2446 1354 2513 sunt
1372 2460 1498 2530 secum
1517 2445 1554 2513 et
1573 2439 1642 2511 mi-

467 2558 670 2633 serabiliter
685 2552 722 2650 (¹)
736 2559 891 2633 conllicti
906 2566 1001 2633 sunt:
1019 2565 1058 2632 ut
1072 2551 1108 2651 (²)
1125 2559 1248 2632 scribit
1261 2559 1431 2633 Lucanus
1445 2559 1481 2632 in
1495 2563 1639 2652 quarto.

466 2679 511 2751 Et
536 2679 593 2752 hic
620 2686 705 2754 nota
732 2681 830 2774 quod
855 2685 965 2754 autor
990 2687 1143 2755 conatus
1161 2685 1215 2753 est
1233 2680 1354 2754 lacere
1375 2680 1553 2776 insignem
1575 2679 1643 2753 de-

467 2799 699 2892 scriptionem
714 2799 823 2873 buius
836 2799 990 2874 civitatis
1004 2800 1167 2874 Massiliae
1181 2807 1257 2874 tam
1277 2801 1419 2874 ratione
1431 2800 1513 2894 loci,
1526 2819 1638 2892 quam

468 2917 609 2992 ratione
634 2918 848 3020 incolarum.
876 2919 993 2992 Habet
1009 2919 1108 2992 enim
1127 2920 1205 2992 baec
1223 2919 1350 2994 civitas
1375 2919 1641 3015 pulcerrimum

467 3043 503 3111 et
529 3038 753 3111 tutissimum
777 3019 941 3133 portum,
968 3037 1036 3110 luit
1059 3058 1206 3132 semper
1232 3019 1431 3132 liberrima,
1453 3045 1490 3112 et
1516 3037 1641 3112 habuit

466 3156 622 3251 optimas
636 3158 735 3253 leges
749 3163 786 3231 et
799 3157 1094 3250 consuetudines,
1108 3157 1201 3231 sicut
1219 3163 1319 3252 patet
1334 3158 1432 3251 apud
1442 3159 1642 3248 Valerium,

466 3274 622 3368 Livium,
641 3276 897 3370 Pomponium,
915 3277 1099 3350 lustinum
1118 3282 1154 3350 et
1171 3277 1262 3351 alios
1287 3278 1485 3372 plurimos;
1503 3285 1540 3352 et
1560 3278 1641 3350 lue-

470 3398 556 3464 runt
581 3395 692 3488 graeci
719 3402 788 3468 etc.
803 3400 980 3469 —Fulcn
1009 3397 1073 3471 Hic
1093 3397 1212 3470 dictus
1237 3397 1386 3491 spiritus
1405 3396 1577 3472 describit
1601 3416 1641 3468 se

467 3532 489 3584 a
516 3512 664 3585 nomine
689 3513 836 3607 proprio
862 3520 899 3587 et
924 3536 947 3588 a
973 3515 1138 3588 moribus
1165 3517 1250 3589 suis.
1277 3517 1331 3590 Ad
1356 3517 1463 3591 cuius
1493 3517 1641 3591 eviden-

467 3630 555 3704 tiam
581 3638 637 3705 est
662 3633 941 3727 praesciendum,
956 3635 1066 3728 vquod
1092 3636 1227 3709 Fulcus
1252 3637 1319 3711 iste
1355 3637 1423 3710 luit
1457 3637 1551 3710 lilius
1579 3635 1641 3707 ΑΙ-

466 3751 594 3845 phonsi
608 3752 831 3846 Mercatoris‚
845 3751 909 3848 qui
922 3754 1085 3828 moriens
1097 3755 1232 3829 dimisit
1250 3777 1338 3830 eum
1356 3757 1505 3832 divitem
1523 3754 1638 3828 valde.

465 3873 546 3967 lpse
570 3871 668 3947 dedit
693 3893 845 3967 operam
875 3873 990 3950 valori
1022 3877 1185 3949 humano
1215 3884 1252 3950 et
1283 3877 1390 3951 lamae
1421 3876 1639 3950 mundanae:

466 3999 646 4088 sequutus
672 3999 726 4067 est
752 3994 890 4068 nobiles
916 3995 1037 4068 viros:
1064 3996 1206 4069 dicebat
1224 3997 1352 4090 pulcre
1372 4004 1410 4071 et
1427 3996 1583 4071 iucunde
1602 3995 1640 4068 in

467 4111 659 4205 rhytbm03
684 4111 753 4184 luit
778 4113 883 4187 valde
909 4122 1081 4209 acceptus
1113 4121 1150 4188 et
1183 4117 1385 4189 honoratus
1409 4137 1432 4190 a
1458 4114 1638 4189 Richardo

468 4249 558 4325 rege
581 4229 733 4325 Angliae,
759 4253 781 4305 a
807 4232 994 4327 Raynaldo
1024 4234 1157 4308 comite
1183 4234 1361 4308 Tolosano
1395 4241 1433 4308 et
1463 4254 1486 4306 a
1520 4233 1639 4307 Barali

468 4349 514 4422 de
539 4347 704 4441 Massilia,
731 4349 768 4422 in
793 4352 899 4425 cuius
931 4352 1042 4426 Curia
1075 4354 1375 4428 conversabatur.
1405 4354 1480 4428 Nec
1512 4353 1638 4445 miror,

531 4609 559 4673 (¹)
576 4614 599 4668 b
616 4609 776 4662 mirtbfflier·
1029 4611 1057 4677 (¹)
1074 4614 1104 4664 Ε.
1122 4619 1152 4666 ut
1168 4614 1269 4678 plenius
1284 4614 1382 4665 scrilu't.
