3746 5680
644 466 784 521 caurus
810 467 978 521 neamus.
1350 456 1396 522 l3

223 608 379 700 rarchia,
401 608 448 681 de
472 606 601 680 divinis
629 609 837 682 nominibus
861 617 931 684 ete.
962 609 1053 684 Dicit
1079 630 1192 705 ergo:
1220 619 1398 703 appresso

223 733 312 819 uadi,
331 727 466 802 scilicet
491 733 573 821 post
598 727 845 821 Salomonem,
869 731 898 801 tl
920 732 1011 801 tuma
1035 733 1073 802 di
1091 734 1171 820 quel
1192 752 1286 818 cero,
1305 730 1397 804 idest

222 843 425 922 c'laritatem
441 847 537 919 illius
555 847 711 922 lucentis
729 849 839 940 cerei,
858 848 950 922 idest
966 849 1128 923 ardentis
1146 849 1293 943 spiritus
1311 849 1397 922 Dio-

223 966 327 1062 nysii,
352 969 411 1038 che
436 973 536 1057 pinso
561 969 598 1039 ln
623 988 745 1054 carne,
763 967 855 1042 idest
873 968 1000 1042 vivens
1018 969 1054 1040 in
1077 968 1225 1060 mundo,
1244 972 1322 1042 vide
1336 964 1396 1060 piri

223 1090 408 1177 adderuro,
425 1087 527 1179 idest,
546 1088 760 1181 profundius
774 1082 810 1180 (¹)
830 1090 1002 1186 cognovit
1020 1091 1238 1184 mentaliter,
1257 1095 1396 1181 l'onpa-

221 1209 288 1280 liou
305 1215 438 1279 natura
455 1209 511 1280 e'l
526 1211 725 1301 ministero;
743 1210 828 1303 quia
848 1210 982 1284 scilicet
996 1211 1233 1284 excellentius
1254 1213 1394 1306 scripsit

221 1327 267 1402 de
294 1335 426 1402 natura
452 1333 488 1401 et
514 1327 634 1402 ollicio
663 1332 895 1425 angelorum,
921 1351 1033 1422 quam
1061 1331 1153 1405 alius
1179 1332 1394 1425 quisquam3

221 1448 320 1521 unde
344 1454 454 1521 autor
479 1448 627 1542 praeiert
645 1469 731 1522 eum
750 1449 928 1545 Gregorio
946 1450 1085 1523 doctori
1112 1451 1273 1524 interiori
1295 1452 1395 1545 capi-

146 1667 149 1672 .
220 1567 569 1641 tulo-Nellollro.
583 1567 646 1643 llic
663 1569 820 1643 Thomas
832 1569 1004 1644 describit
1020 1571 1133 1644 alium
1151 1563 1188 1663 (²)
1201 1572 1390 1645 doctorem

219 1689 278 1762 vel
296 1688 463 1782 spiritum
483 1687 529 1762 de
546 1689 642 1762 dicta
659 1710 808 1780 corona,
823 1690 959 1764 scilicet
972 1691 1205 1764 Ambrosium
1222 1694 1280 1766 vel
1297 1693 1391 1767 Oro·

220 1807 328 1880 sium.
363 1807 465 1881 Unde
499 1808 545 1881 ad
576 1808 794 1883 evidentiam
831 1809 933 1881 istius
967 1810 1082 1884 literae
1109 1817 1164 1885 est
1191 1812 1391 1884 notandum

218 1927 317 2019 quod
343 1927 447 2001 litera
474 1927 539 2001 ista
566 1935 684 2021 potest
711 1928 890 2002 verilicari
910 1935 984 2002 mm
1004 1929 1049 2002 de
1066 1929 1259 2003 Ambrosio
1278 1951 1391 2023 quam

218 2046 266 2120 de
290 2046 429 2120 orosio.
449 2048 502 2121 De
520 2047 713 2121 Ambrosio
731 2048 878 2140 quidem
899 2049 984 2142 quia
1012 2049 1078 2122 luit
1105 2069 1261 2144 magnus
1279 2049 1393 2123 advo-

219 2173 323 2240 catus
355 2174 562 2262 temporum
591 2167 886 2261 christianorum,
913 2169 999 2262 quia
1026 2175 1192 2262 tempore
1218 2191 1286 2242 suo
1312 2171 1391 2263 pul-

219 2287 430 2361 lulaverunt
452 2288 554 2361 multi
574 2296 610 2361 et
632 2289 755 2384 magni
777 2289 953 2381 haeretici;
972 2295 1100 2362 contra
1121 2309 1213 2381 quos
1231 2291 1389 2364 Ambro-

218 2404 293 2477 sius
310 2405 510 2479 defensarit
528 2405 717 2480 ecclesiam
733 2407 809 2499 boi,
825 2407 939 2480 immo
953 2414 989 2480 et
1003 2413 1129 2480 contra
1143 2407 1386 2482 Theodosium

216 2523 478 2618 imperatorem
506 2527 572 2598 luit
598 2526 880 2619 audacissimum
905 2534 942 2601 et
974 2527 1019 2601 ad
1046 2528 1126 2601 eius
1160 2528 1388 2622 praedicatio·

218 2663 304 2718 nem
335 2645 559 2740 Augustinus
593 2666 794 2720 conversus
828 2646 895 2719 luit
925 2647 970 2720 ad
1006 2645 1127 2739 iidem,
1164 2648 1226 2740 qui
1268 2639 1388 2739 luitl³l

215 2762 457 2839 validissimus
484 2766 638 2840 malleus
665 2767 936 2840 hereticorum.
958 2767 1081 2840 Potest
1107 2766 1216 2839 etiam
1240 2766 1387 2861 intelligi

215 2882 260 2957 de
291 2885 406 2958 Paulo
439 2886 579 2978 Orosio,
606 2887 668 2980 qrri
701 2886 768 2958 luit
801 2886 971 2960 defensor
986 2874 1022 2976 (⁸)
1052 2893 1260 2978 temporum
1276 2885 1390 2959 'chri-

214 3003 418 3078 stianorum
445 3006 675 3099 reprobando
702 3013 867 3100 tempora
893 3025 1047 3100 pagana,
1075 3005 1168 3078 sicut
1199 3004 1389 3078 evidenter

213 3131 364 3217 apparet
391 3145 437 3198 er
463 3125 542 3198 eius
567 3146 680 3219 opere
706 3125 804 3218 quod
833 3125 1038 3197 intitulatur
1058 3124 1225 3197 Ormesta
1250 3123 1387 3216 mundi,

213 3264 325 3335 quem
353 3245 487 3318 librum
515 3246 598 3320 lecit
624 3245 907 3340 adpetitionem
941 3244 1036 3317 beati
1063 3244 1268 3339 Augustini,
1295 3244 1389 3317 sicut

212 3364 288 3456 ipse
322 3364 472 3438 Orosius
505 3370 659 3439 testatur
692 3365 728 3436 in
760 3363 953 3459 prohemio
983 3364 1066 3437 dicti
1106 3363 1198 3436 libri.
1239 3363 1292 3436 Ad
1319 3365 1388 3438 hoc

214 3489 271 3554 est
295 3483 483 3557 sciendum
510 3485 608 3578 quod
636 3491 802 3577 tempore
827 3483 1018 3580 Augustini
1046 3485 1161 3557 Roma
1188 3483 1257 3556 fuit
1283 3490 1385 3577 capta

215 3609 253 3676 et
278 3605 429 3697 spoliata
455 3626 476 3678 a
502 3603 621 3700 gothis
647 3611 729 3696 etc,
758 3605 1030 3698 propterquod
1057 3604 1200 3678 romani
1219 3605 1386 3698 blasphe-

213 3724 363 3798 mabant
389 3725 585 3817 Christum,
604 3731 641 3798 et
661 3724 884 3797 damnabant
911 3731 1077 3818 tempora
1096 3723 1303 3815 christiana,
1326 3743 1386 3795 as-

212 3849 377 3917 serentes
406 3843 505 3937 quod
537 3843 765 3937 temporibus
799 3843 932 3936 quibus
967 3821 1135 3916 colebant
1160 3842 1248 3915 deos
1275 3841 1387 3914 babe-

210 3961 300 4035 bant
328 3983 479 4056 magnas
505 3962 673 4036 victorias
699 3969 735 4036 et
762 3962 978 4055 triumphos,
997 3969 1034 4036 et
1056 3961 1234 4035 llorebant
1256 3960 1386 4053 opibus

210 4086 249 4154 et
273 4081 444 4156 omnibus
463 4081 585 4174 honis3
604 4088 772 4174 tempore
789 4101 878 4156 vero
897 4081 1026 4156 Christi
1043 4073 1079 4171 (⁵)
1101 4079 1263 4174 quotidie
1281 4085 1387 4153 erant

210 4201 335 4295 praeda
352 4202 599 4275 barbarorum
618 4207 705 4293 etc.;
725 4201 989 4294 propterquod
1009 4203 1138 4274 heatus
1158 4200 1385 4295 Augustinus

270 4431 299 4493 ι’)
316 4432 346 4481 Ε,
363 4431 499 4494 profunde.
750 4429 778 4494 (¹)
795 4433 826 4480 ll.
843 4433 922 4481 alium
939 4432 1058 4495 spiritum
1075 4431 1190 4480 doctoris
1207 4430 1238 4478 de
1255 4431 1330 4479 dicta.

273 4508 300 4569 ζ’)
317 4508 348 4557 Ε.
365 4507 414 4557 luit
431 4514 517 4570 postea
535 4509 713 4560 validissimus.

272 4584 300 4645 l⁸l
316 4585 346 4634 R.
362 4585 482 4635 detentor
498 4585 613 4636 ecclesie
631 4585 678 4634 Dei
694 4589 811 4648 tempore
828 4585 1037 4634 christianorum.
1109 4583 1137 4642 (¹)
1153 4581 1184 4630 E.
1202 4581 1262 4630 lesu
1280 4579 1383 4630 Christi.
