3746 5680
242 943 405 1010 GANTUS
427 942 620 1010 DECIMUS
642 943 814 1026 PRIMUS,
838 947 875 1010 io
896 965 956 1028 quo
977 947 1046 1027 o'pse
1067 951 1196 1010 sondro
1220 945 1358 1012 lbomos

364 1055 422 1121 sach
445 1056 598 1122 brevitate
619 1063 736 1122 narrat
757 1057 924 1123 historiam
946 1055 1029 1123 beati
1050 1055 1229 1123 Francisoi.

290 1281 372 1450 0
394 1399 599 1452 rnsrnsrrn
626 1399 715 1450 coro
734 1381 788 1452 do'
802 1381 953 1452 mortali.
973 1379 1172 1472 Postquam
1191 1379 1228 1452 in
1246 1401 1386 1475 praeee-

206 1498 306 1575 denti
323 1499 493 1593 proximo
518 1498 677 1593 capitulo
702 1503 811 1572 autor
836 1503 962 1572 noster
986 1498 1189 1572 introduxit
1206 1499 1385 1575 Tbomam

207 1620 254 1695 de
289 1618 434 1713 Aquino
465 1617 529 1712 qui
554 1617 759 1713 propalavit
789 1616 855 1689 sibi
886 1638 999 1691 unam
1029 1636 1205 1692 coronam
1242 1619 1388 1693 anima-

209 1759 297 1814 rum
317 1744 558 1834 apparentem
576 1737 787 1832 incorpore
812 1736 917 1829 solis;
939 1757 1038 1810 nunc
1060 1744 1329 1830 consequenter
1349 1739 1386 1811 in

209 1860 281 1933 isto
305 1859 353 1932 ill
377 1859 536 1954 capitulo
562 1857 699 1932 inducit
725 1855 898 1930 eumdem
919 1856 1111 1950 'lbomam‚
1137 1857 1201 1950 qui
1225 1859 1388 1932 declarat

210 1980 278 2054 sibi
305 2001 422 2054 unum
447 1978 603 2053 dubium
630 1983 759 2051 natum
786 1996 832 2050 en
859 1997 936 2050 uno
961 1976 1059 2050 dicto
1087 1977 1203 2071 posito
1229 1977 1265 2050 in
1292 1998 1389 2072 prae-

210 2099 354 2175 cedenti
389 2098 558 2193 capitulo.
597 2098 641 2170 Et
675 2103 793 2172 totum
833 2116 995 2190 praesens
1031 2096 1233 2191 capitulum
1269 2103 1388 2192 potest

211 2339 329 2435 prima
355 2344 464 2412 autor
498 2337 662 2431 increpat
687 2343 724 2410 et
749 2337 900 2410 damnat
929 2336 1070 2410 variam
1105 2337 1386 2432 occupationem

210 2458 403 2534 bominum
429 2456 526 2530 circa
551 2456 695 2531 diversa
720 2456 839 2529 studia
861 2477 934 2530 nou
956 2456 1002 2530 ad
1023 2455 1134 2530 finem
1154 2476 1253 2531 verae
1275 2456 1389 2530 lelici-

211 2578 306 2652 tatis.
332 2579 372 2650 ln
397 2575 559 2651 secunda
584 2575 723 2649 inducit
747 2575 885 2648 dictum
901 2570 937 2666 (¹)
965 2576 1143 2650 Tbomam
1176 2575 1241 2669 qui
1272 2575 1388 2672 tangit

211 2698 289 2772 duo
318 2695 427 2770 dubia
458 2695 644 2770 moventia
670 2700 834 2769 mentem
860 2695 1013 2789 autoris,
1043 2696 1112 2770 ibi:
1139 2698 1206 2768 Poi
1230 2699 1290 2768 cto
1314 2698 1389 2768 cto-

211 2839 328 2892 couno.
344 2817 384 2890 ln
402 2816 510 2890 tertia
522 2816 681 2890 'lbomas
698 2835 765 2910 pro
782 2815 963 2889 solutione
975 2815 1082 2911 primi
1100 2815 1199 2890 dubii
1219 2815 1390 2890 describit

212 2944 250 3011 et
279 2935 516 3010 commendat
553 2935 665 3008 vitam
698 2934 795 3008 beati
829 2934 1024 3028 Francisci‚
1055 2935 1127 3008 ibi:
1161 2939 1213 3006 Lo
1240 2937 1390 3028 prouol-

213 3059 339 3131 doazo.
366 3056 406 3128 ln
432 3061 565 3148 quarta
594 3061 631 3128 et
661 3053 791 3128 ultima
822 3055 992 3128 describit
1026 3060 1064 3129 et
1095 3055 1246 3128 damnat
1276 3054 1387 3128 vitam

213 3199 369 3253 suorum
396 3176 553 3250 fratrum
584 3175 868 3270 predicatorum
905 3175 1171 3250 modernorum
1188 3167 1251 3268 (²):
1278 3174 1390 3250 etsie

214 3297 320 3372 solvit
345 3295 507 3391 primum
534 3293 700 3387 dubium,
727 3293 798 3367 ibi:
828 3299 943 3368 Pauo
968 3298 1119 3368 orarem.
1148 3295 1200 3369 dd
1226 3295 1388 3390 primum

215 3416 365 3492 veniens
386 3415 479 3508 dico,
496 3413 596 3507 quod
622 3413 658 3486 in
684 3414 802 3509 prima
828 3421 932 3508 parte
956 3415 1120 3512 generali
1141 3421 1251 3489 autor
1268 3415 1390 3488 incre-

214 3545 278 3632 pat
310 3543 348 3610 et
380 3535 531 3608 damnat
564 3534 705 3608 variam
745 3534 1023 3629 occupationem
1062 3535 1253 3609 bominum
1294 3534 1391 3608 cirea

214 3657 359 3731 diversa
385 3654 516 3749 studia,
544 3675 617 3728 non
642 3654 689 3728 ad
715 3653 826 3728 finem
853 3674 952 3729 verae
985 3656 1174 3730 felicitatis.
1202 3657 1247 3729 Et
1271 3655 1391 3750 primo

215 3775 301 3850 tacit
325 3773 545 3848 invectivam
572 3780 700 3848 contra
717 3774 884 3849 homines
902 3773 965 3868 qui
983 3781 1060 3848 tam
1078 3775 1270 3850 dementer
1287 3796 1392 3869 quae-

216 3902 305 3968 runt
326 3893 532 3968 felicitatem
554 3893 591 3966 in
609 3893 766 3967 terrenis
783 3900 859 3967 toto
876 3893 995 3968 studio
1013 3901 1050 3968 et
1071 3894 1228 3990 ingenio,
1246 3895 1390 3968 dicens:

221 4018 251 4087 0
270 4016 448 4086 bueruoto
472 4034 560 4086 coro
584 4015 637 4086 del
650 4015 803 4106 mortali,
825 4013 928 4106 idest,
953 4033 977 4087 o
1003 4013 1130 4087 insana
1157 4019 1194 4087 et
1220 4013 1393 4108 insipiens

216 4132 407 4207 solicitudo
432 4133 636 4227 bominum,
663 4140 792 4231 quanto
817 4153 882 4205 son
907 4135 1052 4226 disettioi
1078 4135 1271 4226 sillopismt
1301 4133 1394 4208 idest

215 4259 439 4350 argumenta
455 4277 466 4346 ;
484 4253 534 4326 sic
560 4260 767 4348 exponatur
792 4253 895 4349 large
921 4274 988 4348 pro
1014 4253 1137 4328 minus
1161 4253 1395 4350 intelligenti-

215 4372 298 4447 bus.
319 4373 380 4446 Est
397 4378 524 4448 autem
546 4374 778 4471 syllogismus
803 4373 901 4468 apud
926 4373 1062 4470 logicos
1086 4375 1205 4448 oratio
1223 4383 1394 4449 constans

279 4635 306 4694 Γ)
322 4630 348 4683 S.
364 4635 449 4696 lpsum
467 4633 605 4686 Tbomam.
795 4635 823 4694 τ’)
839 4635 868 4685 Β.
886 4635 1073 4687 modernorum
1088 4636 1195 4687 ordinis.

355 4739 381 4784 V.
1245 4745 1258 4785 l
