3746 5680
483 447 529 512 tl
874 457 1078 511 couanruu
1102 457 1269 510 rnnnnrsr

480 608 567 676 tunc
593 601 676 675 lecit
702 599 835 674 librum
861 600 1085 674 decivitate
1111 598 1189 691 Dei,
1215 598 1251 670 in
1278 618 1353 690 quo
1375 599 1502 691 pulcre
1524 598 1655 692 probat

480 727 517 793 et
534 719 729 814 persuadet
745 739 810 814 per
830 719 925 792 dicta
947 720 1111 813 ipsorum
1132 737 1362 812 paganorum
1382 725 1419 791 et
1437 716 1544 810 facta,
1559 739 1655 810 qua·

480 839 562 912 liter
589 847 755 933 tempora
780 839 974 913 christiana
1000 845 1086 910 sunt
1111 838 1220 932 longe
1246 836 1400 910 meliora
1421 837 1589 932 paganis;
1616 833 1654 911 e't

480 963 568 1031 tunc
600 959 741 1052 scripsit
774 958 902 1032 Orosio
935 957 1149 1053 presbytero
1180 957 1343 1051 hispano,
1375 975 1487 1048 quem
1516 957 1653 1030 sciebat

480 1097 561 1151 esse
586 1098 762 1174 maguum
791 1077 1016 1169 historicum,
1044 1083 1085 1150 ut
1110 1076 1287 1150 scriberet
1312 1075 1358 1149 de
1383 1075 1512 1149 cadem
1534 1083 1652 1150 mate·

482 1198 553 1271 ria:
580 1198 677 1272 unde
702 1199 813 1270 ambo
840 1197 1032 1270 intendunt
1056 1197 1229 1270 eumdem
1257 1196 1380 1290 linem,
1407 1197 1490 1270 licet
1519 1197 1652 1290 dispari

480 1317 579 1410 stil0;
605 1318 656 1391 sic
682 1338 772 1413 ergo
798 1324 897 1412 patet
922 1339 967 1392 ex
994 1317 1097 1391 dictis
1123 1317 1309 1410 quomodo
1335 1317 1517 1412 possimus
1546 1317 1654 1390 intel-

478 1439 593 1534 ligere
619 1439 665 1512 de
692 1446 850 1531 utroque
875 1438 1144 1532 praedictorum.
1172 1438 1277 1511 Nunc
1303 1457 1394 1532 ergo
1420 1437 1466 1511 ad
1493 1438 1651 1530 literam,

480 1557 564 1630 dicit
589 1557 766 1630 Thomas:
798 1560 1083 1645 Ouellaovoccto
1107 1559 1160 1630 de’
1173 1558 1277 1648 tempi
1300 1560 1472 1644 mutiani,
1499 1556 1648 1648 scilicet,

479 1676 717 1770 Ambrosius3
745 1698 829 1751 nam
858 1698 923 1771 per
949 1677 1202 1750 excellentiam
1226 1682 1343 1769 potest
1364 1675 1431 1749 dici
1452 1675 1652 1749 advocatus

479 1796 760 1870 christianorum
789 1796 905 1892 magis
931 1819 1042 1889 quam
1070 1797 1230 1888 Orosius,
1257 1798 1315 1868 del
1339 1799 1528 1868 collatino
1554 1801 1653 1887 Apo·

479 1921 545 1989 stin
571 1921 808 2010 siproooide,
835 1918 921 2011 quia
947 1917 1098 1991 adeius
1130 1916 1424 2009 predicationem
1452 1936 1652 1989 conversus

480 2045 535 2111 est
560 2039 606 2111 ad
632 2038 765 2112 iidem:
801 2046 838 2112 et
872 2038 923 2110 sic
955 2037 1049 2111 bene
1080 2035 1237 2130 providit
1266 2035 1330 2108 sibi
1347 2029 1397 2128 (¹),
1434 2036 1517 2129 quia
1545 2034 1652 2108 saluti

479 2157 612 2230 animae
629 2179 706 2230 suae
726 2163 763 2230 et
789 2157 946 2230 aliorum
975 2158 1189 2249 multorum,
1208 2156 1294 2249 quia
1314 2157 1435 2228 nullus
1456 2155 1648 2249 copiosius,

481 2275 603 2348 nullus
628 2275 795 2348 subtilius
821 2275 962 2369 scripsit
986 2275 1214 2371 Augustin03
1248 2278 1337 2364 ride,
1366 2275 1466 2367 idest,
1493 2276 1651 2364 laetatur,

480 2397 558 2466 nell
571 2398 665 2466 altro
684 2397 875 2486 picciolctto
892 2399 975 2469 lucc.
995 2397 1070 2469 lloc
1096 2395 1181 2468 dicit
1202 2396 1288 2488 quia
1310 2395 1376 2468 luit
1393 2415 1549 2488 corpore
1566 2415 1652 2487 par-

481 2534 561 2607 vus,
573 2514 666 2587 sicut
679 2515 927 2589 communiter
939 2523 1025 2587 sunt
1039 2514 1194 2607 romani,
1209 2521 1334 2588 tamen
1352 2513 1476 2587 animo
1495 2533 1652 2609 magnus

480 2635 574 2708 sicut
598 2636 724 2709 valens
751 2655 947 2728 romanus;
975 2635 1042 2708 luit
1068 2636 1166 2709 enim
1194 2635 1410 2708 Ambrosius
1436 2633 1564 2706 nobilis
1591 2653 1652 2706 ro·

479 2775 611 2828 manus
643 2754 688 2827 de
725 2754 837 2849 stirpe
862 2756 1087 2851 Tignorum3
1118 2746 1229 2844 rel(²)
1263 2754 1292 2827 si
1326 2753 1572 2848 intelligamus
1605 2751 1652 2825 de

478 2875 616 2967 Orosio,
638 2881 725 2948 tunc
744 2874 847 2948 litera
866 2881 1072 2968 exponatur
1089 2874 1164 2947 sic:
1183 2876 1282 2965 quclt'
1297 2879 1466 2946 advocato
1483 2874 1537 2944 de'
1551 2873 1653 2962 templ

478 2996 647 3082 mutiani,
674 2993 809 3066 scillcet
834 2993 996 3086 Orosius,
1023 2994 1086 3086 qui
1104 2992 1300 3086 assumpsit
1317 3013 1467 3066 causam
1487 2990 1653 3065 christia·

479 3133 612 3186 norum
638 3112 902 3186 defendendam
929 3120 1055 3186 contra
1081 3133 1254 3207 paganos,
1281 3118 1323 3183 ut
1347 3111 1485 3184 dictum
1512 3116 1578 3202 est,
1597 3110 1655 3181 del

478 3235 532 3305 cui
556 3235 663 3305 lutino
689 3235 834 3321 Apostio
858 3235 890 3302 sl
910 3233 1072 3322 provide,
1099 3232 1185 3325 quia
1212 3231 1440 3326 Augustinus
1462 3228 1652 3323 requisivit

478 3372 564 3426 eum
591 3351 627 3423 in
654 3372 763 3422 suum
791 3351 1004 3444 subsidium,
1032 3359 1074 3425 ut
1099 3352 1149 3425 sic
1176 3352 1306 3426 lortius
1322 3352 1398 3425 duo
1419 3372 1532 3444 quam
1555 3369 1652 3422 unus

478 3477 662 3545 certarent
685 3476 814 3543 contra
839 3470 1068 3544 adversarios
1094 3472 1236 3545 Christi.
1263 3471 1366 3545 Unde
1394 3471 1471 3564 ipse
1500 3470 1651 3544 Orosius

478 3590 639 3664 breviter
665 3590 846 3684 percurrit
872 3591 995 3664 omnia
1010 3583 1047 3682 (³)
1070 3613 1203 3687 magna
1231 3593 1326 3665 mala
1349 3591 1475 3664 mundi
1502 3612 1524 3664 a
1551 3591 1652 3684 prin-

478 3709 572 3802 cipio
589 3711 711 3782 saeculi
733 3731 851 3804 usque
877 3711 922 3785 ad
949 3718 1094 3805 tempus
1112 3713 1180 3804 sui,
1200 3711 1335 3786 scilicet
1355 3710 1535 3805 usquead
1554 3716 1651 3784 tem-

479 3849 546 3923 pus
571 3830 718 3902 lionorii
751 3836 788 3904 et
818 3830 960 3904 Arcadii
988 3831 1251 3925 imperatorum
1281 3852 1546 3923 romanorum3
1572 3833 1651 3904 rade

477 3953 514 4021 in
539 3950 651 4040 quello
674 3952 865 4041 pt'ccioletto
890 3954 976 4041 luce,
1003 3956 1173 4025 notanter
1204 3951 1299 4044 dicit,
1328 3953 1536 4042 placicium,
1563 3950 1649 4043 quia

477 4069 627 4142 Orosius
660 4090 731 4142 non
762 4069 878 4143 extitit
911 4071 1158 4163 canonizatus,
1185 4091 1254 4144 nec
1293 4077 1403 4143 tantae
1441 4070 1650 4144 excellentis

478 4187 636 4260 scientiae
657 4188 734 4282 luit,
753 4189 847 4262 sicut
864 4190 923 4264 alii
944 4191 1181 4284 suprascripti
1207 4196 1243 4265 et
1269 4191 1497 4285 infrascripti.
1519 4192 1563 4262 Et
1589 4190 1647 4264 hic

478 4311 563 4378 nota
589 4306 686 4399 quod
713 4309 882 4400 quamvis
908 4309 1004 4382 istud
1029 4309 1141 4404 possit
1166 4309 1316 4405 intelligi
1343 4316 1417 4382 tam
1445 4310 1491 4384 de
1521 4311 1650 4383 Orosio

541 4566 568 4628 (¹)
585 4565 615 4615 E.
633 4563 687 4625 sibi,
704 4565 803 4616 scilicet
819 4567 905 4616 saluti.
1030 4567 1058 4628 (⁸)
1074 4567 1103 4617 R
1120 4568 1164 4618 sed
1180 4569 1209 4618 si.
1335 4568 1362 4631 (¹)
1380 4570 1411 4620 B.
1427 4569 1513 4620 omnia
1529 4571 1608 4622 mala.
