3746 5680
448 478 494 544 28
838 483 1042 540 counnruu
1066 485 1233 537 ennunrsr

446 640 507 706 tur
531 633 567 704 in
594 631 713 705 medio
734 629 815 704 coeli
833 629 1117 722 aequidistanter,
1136 647 1281 722 semper
1306 633 1403 701 esset
1420 628 1617 722 temperies

447 752 554 846 veris,
581 757 618 826 et
642 755 863 842 sequeretur
887 748 982 822 istud
1010 748 1150 822 malum
1177 746 1275 839 quod
1301 752 1401 822 terra
1426 769 1618 841 nunquam

447 871 664 964 conciperet,
683 869 782 962 quod
808 868 883 964 agit
908 867 944 940 in
971 869 1123 962 hyeme;
1143 887 1211 940 nec
1229 866 1371 940 tructus
1391 874 1621 944 maturesce-

448 998 529 1066 rent
554 990 745 1064 deficiente
770 989 893 1062 calore
913 988 1055 1060 intenso
1073 986 1136 1079 qui
1154 987 1200 1059 ad
1221 987 1471 1061 maturitatem
1495 989 1620 1082 requi·

448 1111 542 1183 ritur
568 1110 796 1184 eorumdem.
826 1107 863 1180 Si
890 1128 981 1182 vero
1005 1108 1058 1180 sol
1084 1113 1300 1180 moveretur
1333 1107 1437 1181 nobis
1470 1110 1619 1204 propin·

448 1252 544 1324 quus
570 1230 663 1304 sicut
695 1229 731 1301 in
757 1220 989 1319 extremo(¹),
1016 1246 1084 1300 nec
1110 1226 1214 1300 fieret
1245 1228 1434 1321 generatio
1464 1229 1619 1302 alicuius

448 1357 696 1440 terrenorum,
715 1368 783 1421 nec
800 1353 1002 1438 cresceret3
1029 1346 1058 1419 si
1087 1367 1174 1420 vero
1200 1351 1297 1420 esset
1321 1366 1467 1440 semper
1493 1367 1619 1421 remo·

448 1478 507 1544 tus
534 1469 636 1542 utin
663 1469 808 1564 hyeme,
834 1487 906 1539 non
933 1465 1179 1559 producerent
1212 1465 1336 1539 herbae
1367 1485 1435 1539 nec
1466 1467 1619 1540 arbores

448 1590 609 1662 fructum
636 1609 746 1661 suum
764 1587 810 1661 ad
833 1586 1095 1679 maturitatem,
1117 1577 1206 1677 et(²)
1225 1586 1340 1681 frigus
1356 1586 1618 1661 adversaretur

448 1708 577 1783 eidem.
596 1708 701 1781 Nunc
721 1727 811 1801 ergo
836 1706 882 1780 ad
908 1706 1052 1780 literam
1071 1706 1155 1779 dicit
1172 1713 1301 1779 autor:
1328 1711 1414 1778 Ere
1433 1710 1470 1779 lo
1493 1711 1620 1781 strada

447 1830 502 1900 lor
527 1848 596 1899 non
620 1831 714 1920 [osse
730 1832 836 1916 torto,
860 1825 963 1918 idest,
981 1825 1010 1898 si
1030 1825 1087 1899 via
1105 1825 1268 1918 ipsorum
1292 1825 1522 1918 planetarum
1546 1849 1619 1901 non

448 1954 543 2022 esset
568 1947 728 2040 obliqua,
746 1946 809 2019 sed
829 1952 942 2037 recta,
961 1945 1055 2018 sicut
1074 1944 1145 2016 sub
1167 1945 1411 2037 aequinoctiali
1439 1946 1475 2018 in
1501 1946 1621 2021 medio

447 2087 575 2160 sperae,
602 2068 709 2137 molto
735 2061 825 2137 virid
850 2065 995 2138 serente
1020 2067 1129 2135 incon
1155 2067 1213 2136 nel
1234 2066 1332 2153 oielo,
1365 2065 1450 2156 quia
1477 2065 1622 2155 scilicet,

447 2207 520 2260 non
557 2192 686 2280 ageret
718 2184 755 2255 in
788 2183 854 2256 ista
889 2181 1073 2274 inferiora,
1108 2183 1202 2255 sicut
1234 2204 1332 2257 nunc
1366 2184 1452 2279 agit,
1478 2205 1497 2256 e
1522 2188 1624 2275 puori

446 2309 530 2397 opni
549 2306 715 2396 potenzio
740 2297 892 2393 quoppirl
918 2309 1055 2394 morto5
1085 2302 1171 2395 quia
1199 2304 1353 2377 materia
1386 2324 1469 2396 quae
1501 2304 1620 2377 estin

445 2423 605 2520 potentia
630 2424 676 2496 ad
701 2441 850 2496 omnem
876 2421 1045 2512 sormam,
1072 2443 1145 2495 non
1171 2422 1417 2497 deduceretur
1449 2423 1485 2496 in
1520 2431 1617 2517 ectu,

446 2552 483 2619 et
507 2543 558 2617 sic
584 2548 678 2616 esset
702 2542 847 2614 trustra.
875 2541 926 2613 lta
952 2541 1036 2614 dicit
1054 2533 1263 2615 Aristotcles
1295 2542 1331 2614 in
1363 2543 1456 2616 libro
1480 2543 1527 2618 de
1551 2565 1618 2639 ge-

444 2662 634 2738 neratione
660 2669 696 2735 et
721 2660 975 2755 corruptione:
1003 2661 1135 2753 quiesi
1162 2663 1216 2735 sol
1237 2668 1275 2734 et
1291 2663 1351 2736 alii
1372 2664 1526 2756 planetae
1544 2685 1617 2738 non

444 2783 706 2876 elongarentur
738 2801 760 2853 a
791 2778 895 2852 nobis
927 2784 964 2852 et
989 2779 1372 2873 appropinquarentur
1403 2781 1517 2874 nobis,
1544 2803 1616 2855 non

445 2908 541 2976 esset
565 2901 602 2973 in
620 2898 760 2973 mundo
776 2897 967 2993 generatio
987 2905 1024 2972 et
1042 2899 1247 2992 corruptio;
1265 2900 1369 2972 etita
1387 2901 1523 2973 coelum
1543 2923 1616 2975 non

445 3027 665 3116 operaretur
689 3019 748 3093 hic
774 3018 936 3110 interius,
963 3018 1049 3111 quia
1075 3024 1225 3113 propter
1255 3016 1386 3093 eorum
1414 3021 1617 3116 elongatio-

445 3161 529 3215 nem
557 3147 593 3213 et
618 3138 1007 3233 appropinquationem
1028 3136 1067 3209 fit
1084 3137 1263 3213 distinctio
1280 3146 1504 3234 temporum,
1523 3162 1617 3234 quo-

445 3278 530 3331 rnm
558 3278 674 3328 unum
701 3264 756 3330 est
780 3256 959 3350 optimum
987 3256 1033 3329 ad
1058 3257 1326 3352 seminandum,
1350 3259 1448 3333 aliud
1466 3260 1512 3333 ad
1531 3281 1616 3354 pro-

443 3375 653 3450 docendum
681 3375 846 3467 herbam,
873 3374 972 3448 aliud
997 3375 1043 3448 ad
1069 3376 1332 3471 colligendum;
1360 3378 1458 3453 unde
1475 3378 1615 3451 subdit:

444 3518 463 3569 e
493 3497 591 3566 assui
614 3496 692 3566 dcll'
705 3495 829 3566 ordine
854 3495 1032 3566 mundano
1056 3496 1201 3568 soredde
1226 3518 1351 3570 manco
1376 3519 1395 3568 e
1419 3519 1461 3571 co
1486 3520 1505 3570 e
1529 3495 1589 3588 girl
1599 3526 1615 3591 ,·

444 3612 546 3706 idest,
575 3613 733 3685 multum
766 3611 902 3685 ordinis
937 3612 1109 3687 deficeret
1130 3615 1307 3708 ‘superius
1338 3623 1376 3689 et
1401 3616 1551 3690 inferius
1577 3617 1613 3688 in

443 3732 569 3826 specis,
595 3732 632 3804 in
658 3733 752 3804 coelo
778 3737 815 3805 et
840 3731 877 3803 in
903 3738 1014 3825 terra,
1040 3754 1077 3804 se
1100 3735 1281 3825 iiportire
1303 3738 1396 3827 [osse
1416 3731 1479 3826 pil
1496 3755 1517 3805 o
1535 3755 1614 3806 men

443 3854 600 3943 lontano,
626 3871 738 3943 quam
765 3851 903 3944 supple,
936 3871 1034 3925 nunc
1065 3860 1259 3948 vagentur,
1289 3855 1353 3925 dol
1376 3857 1495 3942 dritto,
1522 3853 1613 3928 idest

441 3972 489 4046 ab
523 3969 776 4065 aequinoctiali,
812 3969 914 4063 idest,
948 3970 977 4042 si
1011 3991 1142 4044 cursus
1174 3973 1404 4065 planetarum
1439 3973 1614 4048 continuo

441 4097 537 4164 esset
556 4089 777 4184 longinquus
795 4096 831 4162 et
850 4088 1077 4182 propinquus
1095 4090 1209 4183 nobiS,
1229 4090 1314 4183 quia
1327 4089 1506 4164 distinctio
1521 4101 1615 4166 tem-

442 4229 574 4302 porum
611 4229 683 4281 non
717 4214 823 4300 esset,
858 4227 943 4300 quae
976 4207 1114 4280 iaciunt
1150 4209 1427 4303 generationem
1461 4208 1498 4284 et
1531 4231 1616 4284 cor-

442 4326 663 4422 ruptionem,
689 4335 731 4400 ut
755 4327 894 4400 dictum
920 4333 985 4400 est.
1000 4367 1050 4379 —
1066 4331 1118 4399 Or
1135 4329 1161 4434 ti
1176 4331 1305 4400 mman.
1324 4328 1389 4402 llic
1411 4329 1537 4402 nolens
1559 4331 1616 4402 ul·

504 4511 531 4571 (¹)
547 4509 605 4560 Coei
621 4510 732 4573 leggono
749 4511 755 4558 Ι
772 4510 872 4562 Codicis
890 4512 1072 4563 sembrcrebbo
1088 4511 1194 4564 derecte
1210 4514 1280 4564 dire:
1297 4515 1363 4565 itaut
1377 4515 1406 4564 io
1422 4521 1514 4565 estote.

505 4586 533 4650 (¹)
548 4585 574 4636 S.
590 4597 605 4635 e
622 4585 653 4635 E.
669 4599 730 4636 cum
746 4586 836 4651 trigue.
