3746 5680
662 522 801 578 CANTUS
827 523 955 579 NONUS·
1349 512 1391 578 11

220 673 289 759 tro,
316 667 442 742 civitas
455 659 492 760 (⁴)
524 667 561 740 in
593 668 749 742 confinio
781 669 950 742 Marchiae
980 669 1189 763 Tarvisinae,
1217 661 1396 762 pmaoerd

220 809 357 862 onooru
374 793 410 862 lo
426 792 577 882 diffulto,
604 788 696 862 idest
720 789 905 864 deiectum
933 789 1167 882 sceleratum,
1191 791 1270 862 doit
1285 793 1396 882 empto

220 930 284 982 suo
301 914 462 998 Pastore,
480 908 583 1000 idest,
601 907 764 1003 Episcopi
790 908 858 1001 sui,
885 908 948 1000 qui
974 908 1041 981 init
1059 909 1205 983 natione
1223 909 1396 1003 placenti-

222 1047 304 1120 nuS,
322 1027 385 1120 qui
410 1026 506 1101 bene
531 1025 598 1099 luit
623 1046 751 1121 poenas
777 1026 924 1122 dignas3
951 1046 1038 1100 nam
1064 1026 1110 1100 de
1136 1027 1310 1101 mandato
1330 1027 1396 1101 do-

222 1146 311 1219 mini
328 1146 471 1220 Rizardi
491 1146 651 1241 praedicti
677 1146 744 1220 init
771 1153 913 1220 tantum
939 1166 1136 1240 percussus
1157 1167 1243 1221 eum
1265 1168 1395 1222 saecu-

219 1265 263 1339 lis
288 1266 418 1360 sabuli,
440 1265 539 1360 quod
564 1265 685 1339 emisit
709 1267 833 1340 omnia
859 1267 1000 1341 viscera
1025 1273 1063 1340 et
1087 1267 1305 1364 sanguinem
1328 1287 1394 1362 per

220 1384 470 1479 egestionem:
497 1391 535 1458 et
561 1386 716 1479 populus
742 1385 852 1459 etiam
880 1386 956 1479 luit,
985 1386 1048 1478 qui
1074 1386 1173 1461 venit
1205 1386 1251 1460 de
1282 1387 1394 1461 iiber-

219 1511 295 1578 tate
320 1504 357 1576 in
383 1504 597 1578 servitutem
624 1505 693 1578 sub
718 1505 910 1600 tyrannide
936 1505 1048 1601 ipsius
1072 1505 1227 1580 Rizardi.
1251 1508 1294 1578 Et
1313 1513 1393 1580 tan-

220 1624 272 1720 git
296 1624 526 1698 atrocitatem
552 1625 710 1718 sceleris,
737 1625 883 1700 dicens:
910 1628 969 1698 ete
993 1617 1082 1698 sord
1106 1630 1261 1721 saonae,
1290 1627 1393 1719 idest,

220 1743 382 1817 enormis
417 1743 495 1816 sine
528 1745 710 1838 exemplo,
743 1744 830 1839 quia
864 1745 957 1818 alius
991 1745 1162 1819 sacerdos
1194 1746 1394 1820 sceleratus

221 1883 296 1935 non
321 1863 388 1936 iuit
413 1883 560 1957 poenam
587 1883 654 1957 pro
680 1864 835 1937 erimine
860 1862 977 1936 simili.
1004 1863 1108 1937 Unde
1133 1864 1241 1937 dicit:
1269 1868 1321 1937 tol
1334 1868 1394 1937 ete

215 2003 284 2075 per
306 1987 428 2074 dmde,
454 1983 599 2077 scilicet,
626 1985 784 2078 culpam,
810 1996 882 2058 oon
907 1976 1048 2056 seond
1077 1987 1114 2056 ia
1146 1987 1271 2074 Multo,
1298 1984 1391 2058 scili-

219 2109 289 2195 cet,
316 2122 382 2196 per
407 2103 520 2176 alium
547 2105 775 2178 sacerdotem
806 2104 852 2178 ad
885 2102 1113 2177 tolerandam
1144 2123 1303 2197 poenam.
1332 2104 1392 2177 Est

220 2221 319 2296 enim
351 2222 458 2296 Malta
490 2223 603 2295 turris
635 2224 816 2297 horrenda
847 2223 884 2295 in
914 2223 995 2296 lacu
1027 2228 1161 2296 sanetae
1188 2223 1387 2315 Christinae,

220 2360 350 2415 career
373 2362 525 2416 amarus
550 2342 839 2437 delinquentium
867 2343 1110 2417 sacerdotum.
1137 2344 1239 2417 Unde
1265 2363 1388 2418 saeer-

220 2461 285 2535 dos
311 2461 505 2536 damnatus
534 2464 581 2536 ad
614 2469 770 2537 mortem
798 2484 864 2558 per
890 2483 1021 2557 papam
1051 2463 1289 2556 Bonifatium,
1316 2463 1392 2537 cla·

221 2581 367 2654 mahat:
394 2586 477 2653 Peto
503 2583 767 2655 benedictionem
794 2585 912 2655 Patres
937 2586 1022 2655 ma:
1052 2588 1089 2656 et
1120 2581 1304 2656 Boniiaoio
1331 2603 1390 2656 re-

218 2700 441 2795 spondente:
468 2703 577 2776 Pater
602 2709 689 2775 tuus
714 2702 879 2777 diabolus
905 2710 983 2777 est:
1017 2703 1204 2776 subiunxit
1231 2703 1312 2777 iile:
1348 2704 1392 2776 Et

220 2826 261 2893 tu
289 2820 417 2915 utique
455 2821 514 2895 ilie
547 2842 611 2914 es;
651 2828 688 2895 et
725 2822 862 2895 meruit
901 2822 1058 2896 veniam.
1097 2823 1219 2896 Sede
1251 2828 1390 2915 eontra,

219 2939 340 3014 anuas
366 2942 499 3014 montis
520 2941 667 3034 Cossini,
686 2942 749 3034 qui
776 2962 849 3014 non
875 2942 969 3016 bene
995 2949 1207 3016 servaverat
1228 2941 1392 3016 Coeiesti·

220 3082 310 3133 num
337 3061 510 3135 custodiae
535 3082 612 3135 suae
638 3064 889 3156 commissum,
916 3064 1041 3158 paucis
1071 3063 1199 3138 diebus
1230 3063 1267 3136 in
1298 3081 1392 3157 pane

221 3180 462 3254 tribulationis
488 3187 524 3254 et
550 3202 646 3275 aqua
672 3182 925 3255 amaritudinis
949 3183 1161 3276 supervixit,
1179 3182 1335 3256 afflictus
1356 3182 1392 3254 in

221 3301 350 3374 eudem
377 3320 537 3374 earcere.
566 3301 609 3373 Et
634 3307 811 3397 aggravat
837 3302 1009 3375 delictum
1045 3308 1193 3397 propter
1219 3323 1390 3398 magnam

221 3421 407 3515 sanguinis
444 3419 672 3512 effusionem,
704 3420 850 3494 dicens:
884 3428 1010 3515 toppo
1042 3421 1186 3494 sarsore
1220 3426 1325 3513 toruo
1356 3424 1392 3493 lo

221 3539 380 3629 ῠίροησία
393 3566 408 3632 ,·
426 3539 640 3634 biguncium
668 3546 722 3614 est
749 3561 824 3634 vas,
843 3561 917 3635 quo
944 3549 1101 3615 utuntur
1128 3547 1294 3635 tempore
1312 3541 1391 3614 vin-

220 3658 427 3733 demiarum
454 3659 501 3732 ad
526 3658 720 3754 portandas
747 3681 849 3753 uvas,
875 3666 1045 3753 apertum
1073 3667 1109 3734 et
1133 3649 1299 3754 amptum
1328 3661 1392 3734 de-

219 3799 343 3872 super,
369 3778 468 3871 quod
493 3780 642 3873 pienum
662 3779 745 3851 iacit
765 3779 951 3852 dimidiam
968 3770 1005 3871 (²)
1023 3781 1176 3854 salntem
1195 3780 1308 3872 asini;
1334 3782 1392 3851 ete

219 3902 387 3972 rioeoesse
402 3901 784 3990 reseruassemus,
804 3899 950 3990 scilieet,
968 3898 1103 3972 civium
1129 3898 1356 3989 occisorum3
1374 3919 1392 3968 e

218 4026 352 4111 stanno,
372 4019 517 4112 seilicet,
537 4018 643 4090 nimis
669 4023 774 4110 esset,
792 4020 847 4089 citt
858 4019 884 4089 Ἰ
894 4038 1035 4110 pesosse
1060 4020 1110 4089 od
1125 4020 1228 4088 ooeto
1253 4018 1302 4088 od
1326 4037 1392 4087 on-

219 4143 289 4229 tio,
306 4145 343 4213 et
360 4159 492 4213 verum
510 4138 614 4231 dicit3
633 4159 718 4212 nam
736 4139 848 4211 humo
862 4138 955 4210 inter
975 4137 1147 4211 animalia
1169 4137 1278 4211 habet
1296 4137 1393 4210 mul·

220 4266 301 4331 tum
317 4257 524 4353 sanguinis3
544 4257 641 4331 unde
654 4257 814 4332 Galenus
831 4257 955 4330 scribit
968 4256 1014 4330 de
1033 4276 1106 4330 uno
1127 4257 1186 4330 cui
1204 4277 1269 4350 per
1285 4275 1393 4330 nares

218 4377 444 4452 effluxerunt
470 4377 594 4472 viginti
620 4377 785 4470 quinque
810 4376 912 4449 librae
938 4375 1135 4471 sanguinis,
1157 4382 1194 4450 et
1222 4383 1391 4449 mortuus

284 4637 312 4698 (¹)
328 4642 352 4695 ὅ,
369 4637 441 4697 Meti,
458 4637 556 4688 civitas.
807 4634 833 4699 (¹)
849 4635 879 4685 E.
897 4636 1017 4687 mediam.
