3746 5680
644 557 781 612 ellicus
807 557 974 612 DECIMUS.
1347 541 1394 614 33

222 703 357 778 riorum
389 703 476 794 sole,
512 701 561 774 ita
595 701 799 775 intellectus
828 703 1013 776 humanus
1045 723 1118 777 non
1150 710 1266 798 polest
1291 723 1394 778 com·

222 823 452 918 prehendere
469 841 547 895 rem
567 821 763 895 clariorem
781 823 869 915 sole,
890 823 1008 915 qualis
1027 843 1124 896 nunc
1145 829 1224 897 erat
1249 825 1395 898 claritas

222 943 405 1018 Beatricis.
441 944 486 1016 Et
520 943 578 1016 bic
610 949 696 1016 nota
727 943 914 1037 propriam
947 949 984 1016 et
1009 943 1178 1016 subtilem
1212 944 1393 1018 fictionem

222 1064 382 1157 auturis3
408 1063 502 1138 sicut
526 1064 580 1137 sol
607 1068 663 1137 est
688 1063 807 1136 maius
837 1083 971 1156 corpus
996 1063 1146 1137 coeleste
1171 1069 1208 1138 et
1234 1064 1396 1139 lumino-

219 1185 295 1258 sius
321 1185 531 1258 illuminans
557 1191 703 1277 coetera,
729 1183 778 1258 ita
805 1185 841 1257 in
860 1204 905 1258 eo
923 1190 1007 1257 suut
1027 1184 1167 1259 maiora
1184 1191 1222 1259 et
1239 1185 1394 1259 clariora

220 1304 366 1400 ingenia
393 1303 635 1377 illuminantia
660 1309 804 1377 caetera.
832 1303 896 1378 llic
922 1303 1020 1378 enirn
1048 1311 1134 1378 sunt
1165 1305 1397 1380 excellentis-

221 1424 304 1498 simi
335 1424 503 1498 doctores
538 1424 853 1518 supereminentes
885 1434 922 1500 et
953 1424 1175 1499 illustrantes
1204 1425 1395 1500 ecclesiam

220 1545 296 1637 Dei,
323 1545 370 1618 de
396 1544 530 1637 quibus
555 1544 676 1618 statim
703 1543 865 1637 dicetur3
892 1544 974 1618 ideo
1005 1545 1099 1619 bene
1130 1545 1231 1643 lingit
1256 1546 1397 1620 Bealri-

219 1685 300 1738 cem
322 1665 415 1739 adeo
441 1664 663 1738 luminosam
688 1663 724 1736 in
752 1684 908 1758 corpore
933 1665 1027 1738 solis.

299 1787 363 1857 l'ul
378 1805 443 1857 era
459 1788 562 1876 quivi.
590 1784 661 1857 lsta
686 1790 742 1857 est
768 1784 876 1858 tertia
898 1804 981 1877 pars
998 1786 1180 1879 generalis
1195 1779 1245 1878 (¹),
1263 1786 1301 1858 in
1322 1808 1395 1880 qua

222 1911 334 1978 autur
357 1904 527 1978 describit
544 1904 580 1976 in
597 1903 761 1999 generali
780 1903 921 1976 animas
938 1903 1157 1976 clarissimas
1178 1911 1396 1998 apparentes

222 2027 258 2099 in
284 2045 440 2118 corpore
465 2024 569 2117 solis;
597 2031 634 2098 et
658 2023 743 2102 dicit
770 2023 889 2117 primo
911 2024 1010 2117 quod
1035 2031 1142 2097 erant
1168 2025 1258 2098 tales
1278 2024 1397 2118 qualis

221 2145 368 2220 Beatrix
386 2144 566 2238 descripta
584 2150 649 2218 est.
671 2143 773 2218 Unde
792 2143 901 2217 dicit:
921 2147 971 2215 Lo
989 2151 1119 2235 quarta
1133 2147 1310 2238 semipliu,
1328 2136 1400 2216 sci·

222 2265 315 2356 licet,
342 2265 528 2337 clarorum
556 2263 753 2336 doctorum
777 2269 888 2356 secta,
915 2282 999 2356 quae
1025 2270 1081 2337 est
1111 2270 1243 2356 quarta
1269 2282 1398 2338 ascen-

223 2383 342 2458 dendo
357 2375 407 2476 (¹),
425 2405 489 2456 era
514 2387 565 2456 tol
588 2387 694 2475 quivi,
711 2383 813 2477 idest,
836 2389 912 2457 tam
931 2384 1123 2478 splendens
1138 2375 1174 2476 (³)
1194 2385 1288 2460 sicut
1305 2385 1397 2459 Bea-

224 2503 296 2576 trix
321 2503 358 2576 in
377 2504 443 2578 ista
465 2524 572 2597 spera
598 2503 694 2596 solis,
721 2507 799 2577 dell
812 2506 883 2577 alto
906 2507 1034 2596 padre,
1060 2504 1195 2581 scilicet
1220 2505 1315 2599 solis,
1337 2507 1396 2577 cbc

224 2643 361 2714 semprc
385 2625 421 2695 la
445 2627 561 2715 cazia,
581 2622 716 2696 scilicet
742 2623 897 2696 mirabili
925 2623 1061 2698 virtute
1086 2646 1165 2716 sua,
1189 2627 1396 2698 mostrando

223 2765 321 2818 come
344 2747 457 2837 spira,
485 2743 588 2835 idest,
618 2743 746 2836 inlinit,
778 2765 797 2815 e
825 2765 921 2816 come
946 2747 1061 2837 fipliu,
1094 2745 1197 2839 idest,
1228 2723 1393 2840 generat.

223 2865 268 2938 Et
292 2864 350 2938 bic
377 2871 462 2938 nota
489 2863 588 2957 quod
614 2882 680 2958 per
706 2864 775 2938 boc
807 2870 916 2938 autor
949 2865 1009 2938 dat
1042 2864 1190 2960 intelligi
1217 2864 1316 2958 quod
1341 2864 1399 2937 in-

223 2985 373 3059 lluentia
400 2984 484 3057 solis
509 2983 594 3057 lacit
619 2983 706 3057 istos
732 2985 953 3058 excellentes
978 2983 1166 3075 doctores;
1185 2984 1279 3057 sicut
1299 2984 1395 3058 enim

223 3110 279 3179 est
304 3111 408 3197 pater
435 3110 672 3176 terrenorum
705 3103 752 3178 ita
786 3109 823 3176 et
855 3103 1098 3176 literatorum.
1114 3109 1209 3176 -E
1230 3107 1398 3177 Beatricc.

223 3224 289 3297 llic
313 3230 425 3296 antor
449 3223 550 3317 ponit
575 3229 800 3317 praeceptum
827 3222 1002 3298 beatricis
1028 3222 1074 3296 ad
1099 3243 1139 3296 se
1155 3223 1253 3298 circa
1270 3245 1401 3321 regra-

224 3343 411 3418 tiationem
438 3342 640 3417 faciendam
668 3343 714 3416 de
746 3349 845 3416 tanta
872 3342 991 3437 gratia
1017 3341 1083 3414 sibi
1108 3342 1280 3416 divinitus
1310 3363 1401 3417 con-

225 3481 350 3556 cessa3
377 3463 475 3536 unde
499 3462 607 3537 dicit:
634 3468 668 3536 Ε
699 3467 858 3536 Beatrtcc
883 3454 1064 3552 corniculi,
1097 3465 1225 3557 supple
1256 3464 1398 3539 dicere:

226 3583 414 3671 mamozia
438 3585 466 3655 tl
487 3584 544 3654 sol
566 3585 659 3672 depti
682 3585 811 3673 arpen,
830 3582 964 3656 scilicet
980 3582 1112 3675 Deum,
1131 3583 1192 3675 qui
1219 3583 1400 3657 illuminat

225 3702 374 3798 angelos
399 3702 436 3775 in
461 3704 567 3797 coelo,
586 3703 681 3777 sicut
697 3703 749 3776 sol
768 3703 966 3796 corporalis
980 3690 1017 3792 (ἢ
1045 3703 1212 3776 homines
1229 3703 1267 3775 in
1285 3710 1397 3796 terra,

225 3825 285 3894 clte
310 3826 388 3896 rna
412 3826 525 3896 leuato
549 3824 689 3896 cncidit
702 3815 750 3917 (ὅ),
769 3823 853 3916 quia
873 3824 926 3896 sol
945 3823 1143 3897 materialis
1160 3824 1316 3896 sentitur
1334 3845 1400 3918 per

226 3943 458 4038 operationes
483 3965 569 4018 suas
595 3943 822 4036 sensibiliter,
853 3942 916 4016 sed
948 3943 1047 4017 Deus
1077 3943 1400 4036 comprehenditur

226 4065 348 4139 solum
362 4085 447 4138 cum
467 4065 664 4160 intellectu,
679 4063 741 4138 ubi
756 4063 816 4138 ille
829 4084 915 4138 cum
929 4066 1198 4136 sensu-Cam·
1210 4064 1249 4134 di
1260 4066 1400 4136 mortui.

227 4185 294 4259 llic
317 4191 427 4259 autor
453 4185 609 4259 ostendit
634 4184 821 4278 quomodo
848 4183 1063 4257 obedienter
1080 4181 1206 4256 lecerit
1222 4182 1401 4276 imperata

227 4306 437 4381 describens
476 4326 581 4381 suam
621 4305 893 4380 devotissimam
932 4302 1200 4398 dispositionem
1237 4303 1282 4377 ad
1318 4303 1403 4378 red-
1492 4299 1493 4304 ‘

287 4465 363 4470 -.---
380 4464 567 4471 ---..-.......--.
582 4465 634 4470 .....
652 4464 894 4470 ——..—.-.-·—---
913 4465 923 4468 -
947 4463 975 4468 „...
985 4463 1015 4468 --
1034 4463 1047 4466 -
1069 4461 1209 4468 ---.—-.-—.
1224 4459 1402 4469 --2--0—-.—.-

292 4531 320 4596 (¹)
337 4533 368 4585 B.
383 4533 512 4598 generalis
527 4535 606 4585 buius
622 4535 737 4598 capituli,
754 4535 781 4585 ln
797 4547 856 4598 qua.
1002 4532 1031 4595 ζ’)
1048 4533 1078 4583 E.
1096 4534 1123 4582 in
1138 4533 1308 4583 ascendendo.

291 4611 319 4670 l'l
335 4611 366 4662 B.
381 4611 524 4674 splendide.
596 4637 612 4647 ,.
712 4627 728 4640 ··
741 4609 770 4672 θ)
785 4608 818 4661 n:
834 4611 984 4673 corporales
1000 4611 1118 4661 borbln'es
1133 4609 1264 4660 illuminat
1280 4610 1306 4659 in
1323 4615 1402 4659 tarra.

291 4689 319 4748 (⁸)
335 4689 366 4738 E·
381 4688 484 4739 νηπίω
495 4703 542 4753 per
557 4703 605 4739 nra
619 4690 728 4752 prosim·
743 4694 770 4738 et
785 4693 905 4739 notamer
921 4687 1055 4748 sensibilis,
1072 4690 1132 4752 quia
1149 4688 1188 4738 ml
1204 4685 1354 4736 materialis.

363 4796 389 4839 V.
1256 4793 1269 4835 8
