3746 5680
673 521 812 576 CANTUS
837 523 967 576 NONUS.
1384 511 1405 575 5

232 687 316 740 rum
345 666 499 738 traditus
524 671 579 739 est
598 664 826 738 adversariis.
846 664 959 738 Cuius
976 663 1160 737 lubricum
1178 683 1313 758 corpus
1331 671 1407 739 tra-

232 785 347 859 ditum
375 791 430 859 est
456 785 541 881 igni,
568 783 647 856 filiis
673 789 709 857 et
735 804 854 858 uxore
875 783 976 879 prius
994 783 1162 858 laceratis
1179 789 1217 857 et
1234 784 1404 857 inhuma-

232 905 326 978 niter
357 903 544 979 trucidatis
572 909 659 977 ante
688 904 815 977 oculos
847 903 970 999 patris.
1000 903 1058 977 Sic
1074 890 1110 995 (³)
1139 903 1232 977 inira
1265 924 1406 976 annum

232 1023 362 1098 domus
389 1023 610 1105 nobilissima
635 1029 672 1097 et
697 1023 945 1117 potentissima
981 1024 1027 1097 de
1059 1024 1225 1096 Romano
1255 1024 1406 1097 omuino

233 1142 373 1236 defecit,
400 1163 484 1236 quae
510 1165 644 1240 magna
670 1144 707 1216 in
732 1163 814 1236 avo,
841 1144 961 1217 maior
985 1144 1022 1216 in
1047 1151 1161 1239 patre,
1183 1144 1292 1217 iubis
1313 1144 1407 1217 duo-

233 1265 303 1337 bus
327 1263 501 1337 lratribus
528 1263 689 1338 maxima
716 1263 792 1336 luit.
820 1264 925 1337 Nunc
958 1264 1005 1337 ad
1031 1264 1195 1338 literam:
1223 1264 1308 1336 dicit
1333 1265 1407 1338 Cu-

234 1383 320 1456 nitia
352 1383 427 1477 ipsa
459 1402 564 1457 soror
596 1384 698 1456 istius
728 1383 902 1458 Ecceliui:
933 1387 971 1457 St
1001 1387 1272 1478 lavanianum,
1301 1384 1404 1477 idest,

233 1523 370 1596 parvus
394 1523 511 1597 mons,
538 1503 576 1575 in
601 1522 676 1595 quo
702 1509 757 1577 est
782 1503 979 1577 Castellum
1005 1504 1154 1578 nomine
1184 1505 1407 1597 Romanum,

233 1628 270 1696 in
294 1627 406 1716 puella
426 1631 545 1716 parte,
571 1623 705 1697 scilicet
731 1623 889 1697 Marcbia
915 1623 1100 1698 Terrisina
1117 1616 1166 1717 (²),
1189 1626 1282 1698 dello
1308 1631 1407 1696 terra

231 1765 350 1834 pravo
373 1746 503 1834 balbe
524 1748 682 1835 quaeest
702 1748 846 1815 tautum
867 1743 1066 1835 depravata
1084 1741 1202 1835 bodie,
1227 1743 1309 1817 ideo
1327 1763 1408 1817 me-

237 1868 339 1936 retur
364 1863 476 1937 talem
501 1861 737 1955 disciplinam.
765 1861 808 1932 Et
833 1860 1004 1934 describit
1030 1861 1225 1935 Marcbiam
1248 1863 1363 1957 ipsam
1385 1883 1409 1937 a

234 1982 310 2056 suis
335 1982 549 2074 confinibus,
567 1981 709 2055 dicens:
737 1983 795 2052 ebe
820 1983 925 2073 stede,
955 1980 1057 2073 idest,
1077 1981 1210 2054 situata
1229 1987 1294 2074 est,
1312 1986 1408 2054 intro

235 2104 362 2190 lliulto,
388 2102 515 2174 canale
543 2120 720 2196 maguum
747 2106 801 2173 est
827 2119 936 2191 aquae
969 2100 1133 2194 marinae,
1160 2100 1259 2194 quod
1284 2100 1408 2174 dividit

236 2221 420 2294 civitatem
456 2220 704 2294 venetiarum.
745 2218 799 2291 bd
833 2218 932 2312 quod
966 2225 1021 2292 est
1060 2219 1275 2314 notandum,
1310 2219 1410 2313 quod

238 2340 441 2433 imperante
465 2339 678 2430 Iustiniano‚
710 2337 823 2409 Totila
853 2357 920 2410 rex
951 2338 1151 2433 gothorum
1182 2338 1312 2412 invasit
1338 2339 1409 2413 lta-

236 2461 321 2533 liam
348 2467 384 2534 et
410 2459 503 2553 cepit
528 2458 694 2531 Romam.
721 2457 801 2544 Quo
828 2463 995 2550 tempore
1021 2457 1126 2530 multi
1151 2457 1197 2532 de
1222 2459 1409 2552 provincia

237 2579 386 2652 Venetia
419 2578 598 2672 fugientes
631 2577 795 2649 lurorem
831 2584 867 2649 et
901 2575 1155 2650 crudelitatem
1194 2580 1407 2673 gothorum,

238 2720 323 2773 cum
363 2699 475 2772 rebus
512 2698 587 2770 suis
620 2717 711 2791 quas
749 2715 875 2770 secum
912 2698 1058 2769 trabere
1095 2702 1275 2791 poterant,
1303 2698 1409 2794 luge-

239 2824 324 2891 ruut
361 2818 397 2890 in
432 2817 582 2910 paludes
616 2816 728 2890 maris
759 2814 900 2888 Adriaci
927 2822 964 2888 et
984 2816 1093 2910 juxta
1128 2815 1261 2888 Rivum
1290 2817 1408 2890 altum

237 2938 475 3012 condiderunt
500 2936 696 3029 civitatem,
724 2956 836 3028 quam
862 2934 1031 3008 venetias
1061 2942 1299 3028 vocaverunt,
1322 2936 1408 3029 quia

236 3059 282 3132 de
307 3056 459 3131 diversis
484 3056 647 3151 partibus
672 3055 833 3129 Venetiae
859 3060 1108 3130 convenerant
1134 3054 1202 3146 ibi;
1220 3063 1256 3128 et
1274 3055 1310 3126 in
1328 3056 1409 3130 loco

237 3178 297 3251 illo
332 3183 411 3251 tuto
442 3182 634 3271 coeperunt
671 3175 786 3248 libere
824 3175 950 3247 virere
988 3173 1062 3246 suis
1097 3173 1249 3269 legibus.
1283 3175 1326 3247 Et
1358 3175 1410 3249 sic

239 3303 386 3391 propter
410 3297 617 3370 libertatem
643 3301 680 3367 et
705 3293 940 3368 securitatem
958 3293 1027 3366 loci
1048 3300 1086 3366 et
1102 3300 1252 3386 propter
1270 3295 1410 3368 malum

238 3423 373 3490 statum
400 3416 557 3489 aliarum
573 3407 608 3508 (³)
638 3419 836 3508 terrarum,
863 3413 989 3488 civitas
1014 3413 1082 3486 ista
1108 3413 1218 3507 coepit
1243 3434 1412 3489 crescere

240 3538 287 3612 de
318 3537 377 3611 die
410 3537 446 3608 in
477 3536 587 3629 diem,
614 3555 809 3628 usquequo
835 3534 1001 3628 pervenit
1030 3534 1076 3608 ad
1105 3539 1181 3608 tam
1214 3536 1411 3628 superbam

241 3657 462 3753 potentiam:
489 3678 507 3728 e
536 3659 567 3728 le
593 3660 738 3750 [mione
771 3658 809 3729 di
839 3660 971 3727 brenta
1003 3677 1021 3726 c
1053 3657 1091 3730 di
1115 3657 1251 3747 Piaoa;
1277 3655 1411 3730 Brenta

241 3777 374 3851 durius
400 3781 465 3869 est,
492 3763 564 3869 qui
581 3774 705 3849 dividit
731 3775 896 3848 Paduam
923 3781 958 3848 et
985 3774 1132 3868 claudit,
1155 3775 1201 3848 de
1227 3795 1302 3869 quo
1327 3777 1413 3850 alibi

239 3895 376 3970 dictum
404 3902 478 3988 est;
505 3894 616 3967 Piava
646 3895 780 3967 lluvius
812 3894 947 3967 labitur
978 3914 1044 3988 per
1070 3894 1297 3967 territorium
1324 3896 1414 3970 Ter·

240 4014 331 4108 visii,
358 4011 403 4087 et'
431 4013 592 4087 nascitur
626 4034 738 4107 supra
774 4013 959 4086 civitatem
993 4013 1145 4087 Belluni.
1183 4013 1227 4086 Et
1260 4013 1368 4086 dicit:
1395 4039 1414 4089 e

237 4155 309 4208 non
333 4155 438 4224 serpo
464 4136 558 4206 mou
572 4137 656 4224 olto,
684 4133 771 4227 quia
798 4133 945 4206 humilis
963 4133 1064 4206 collis
1088 4139 1154 4226 est,
1174 4153 1246 4205 non
1264 4134 1414 4231 longea

239 4253 424 4327 montibus
460 4253 541 4327 altis
570 4253 606 4325 in
639 4259 810 4328 extremo
845 4251 1016 4326 territorii
1045 4252 1218 4347 tarvisini,
1250 4244 1286 4326 ld
1310 4258 1413 4346 oncle,

240 4373 343 4466 idest,
369 4392 415 4446 ex
442 4393 516 4466 quo
542 4374 645 4467 colle,
670 4395 763 4446 scese
788 4363 850 4464 pid
876 4393 949 4444 nna
970 4375 1111 4466 sacello,
1139 4374 1283 4468 scilicet,
1302 4375 1416 4449 Ecce-

303 4557 329 4619 (¹)
347 4557 376 4607 Ε·
393 4556 428 4606 Et
443 4557 488 4608 ⁵10·
769 4556 843 4619 (¹213.
862 4558 1008 4611 Tetricam.

305 4633 331 4696 (⁸)
347 4633 377 4685 Β.
395 4635 505 4686 ellurum
522 4636 664 4696 elrltatum,
681 4649 727 4687 seu
744 4640 884 4687 mnarum.
