3746 5680
642 549 780 605 caurus
805 551 973 606 nscruus.
1344 539 1389 603 d‘l

211 695 273 788 qni
300 697 417 769 multa
449 695 590 788 scripsit
619 701 701 787 etc,
726 717 745 767 e
769 699 808 770 di
835 700 1024 787 Rircurdo,
1055 702 1092 769 el
1121 695 1167 770 de
1190 695 1258 768 isto
1291 695 1388 786 dicit,

210 819 270 889 clte
288 819 328 909 su
350 812 412 908 piri
429 819 489 889 cle
513 821 591 890 uiro
617 837 641 888 a
666 821 884 890 cmtsidcrur.
907 818 1108 892 Richardns
1134 819 1230 892 enim
1248 810 1284 908 (¹)
1303 818 1387 891 lecit

214 936 350 1008 librum
375 936 421 1010 de
446 935 632 1031 Trinitate,
651 943 687 1011 et
708 938 824 1012 multa
841 930 877 1029 (²)
905 937 1086 1032 profunde
1111 938 1253 1031 scripsit
1274 958 1385 1030 supra

214 1057 419 1129 humanum
447 1056 792 1149 intellectum-ideo
817 1058 911 1131 bene
936 1051 1032 1148 dicit,
1065 1053 1126 1148 piri
1151 1059 1210 1128 cle
1237 1059 1324 1128 uiro.
1340 1097 1389 1110 -

218 1179 343 1263 (inerti.
370 1175 434 1250 llic
461 1176 590 1249 ultimo
615 1176 772 1250 Thomas
797 1176 967 1251 describit
993 1176 1254 1250 duodecimum
1276 1183 1313 1250 et
1331 1176 1389 1248 ul-

214 1294 347 1367 timum
374 1293 553 1388 spiritum.
587 1294 639 1367 Ad
673 1295 773 1387 quod
803 1295 991 1369 sciendum
1019 1294 1118 1387 quod
1144 1295 1211 1368 iste
1238 1294 1390 1367 ultimus

213 1413 361 1507 spiritus
378 1413 444 1487 suit
465 1415 613 1507 quidam
640 1415 767 1488 doctor
785 1415 986 1488 modernus
1006 1413 1224 1508 parisiensis,
1244 1413 1307 1506 qui
1325 1413 1387 1486 diu

214 1533 300 1630 legit
332 1533 491 1606 Parisius
522 1534 559 1607 in
594 1534 807 1629 logicalibus
826 1525 877 1627 (³),
912 1534 971 1607 cui
1007 1533 1157 1625 quidam
1192 1532 1390 1626 discipulus

214 1659 462 1746 praemortuus
486 1653 656 1748 apparuit
682 1660 877 1748 coopertus
904 1651 1185 1746 sophismatibus
1206 1659 1274 1726 etc.
1297 1652 1389 1726 Dicit

215 1793 329 1869 ergo:
361 1777 486 1863 Oresti,
512 1777 602 1847 ende
632 1778 660 1846 il
688 1783 744 1846 tuo
776 1776 952 1864 riquardo
985 1777 1126 1846 ritoruu
1156 1793 1180 1844 u
1210 1793 1275 1863 me,
1301 1771 1389 1865 quia

219 1892 379 1986 inspecto
409 1893 486 1986 ipso
517 1892 646 1966 ultimo
676 1892 803 1986 spiritu
835 1912 983 1966 coronae
1014 1891 1158 1964 reducis
1192 1891 1311 1964 visum
1342 1891 1389 1964 ad

217 2031 288 2104 me,
306 2008 329 2085 e*
349 2015 377 2084 il
399 2015 487 2086 lunae
512 2015 546 2085 d'
559 2033 631 2085 uuo
655 2017 780 2105 spirtu
798 2015 857 2084 clu
881 2015 919 2084 in
942 2015 1081 2103 pascier
1098 2014 1148 2101 pli
1159 2032 1273 2103 parve
1293 2031 1388 2082 esser

216 2133 320 2204 turdo
345 2153 370 2203 a
387 2135 524 2224 metir,
548 2132 608 2206 ubi
627 2133 724 2206 enim
745 2152 844 2206 mors
862 2131 1078 2205 naturaliter
1099 2131 1244 2204 videtur
1262 2129 1389 2204 festina

215 2252 398 2343 omnibus,
424 2252 480 2324 isti
508 2252 582 2325 visa
609 2259 664 2326 est
690 2252 803 2326 tarda.
831 2253 874 2325 Et
899 2252 1020 2326 subdit
1036 2252 1244 2324 describens
1262 2270 1390 2324 euma

216 2372 366 2446 nomine
392 2377 429 2446 ct
453 2395 476 2446 a
500 2373 677 2467 doctrina,
695 2394 772 2446 essa
793 2369 813 2446 e'
836 2375 872 2445 lu
890 2376 962 2445 luce
978 2379 1099 2445 eterna
1118 2375 1156 2444 di
1172 2374 1311 2461 Sipieri,
1329 2372 1389 2443 cte

217 2495 399 2583 appendo,
418 2492 552 2566 scilicet
569 2493 606 2566 in
624 2493 797 2567 cathedra
815 2492 970 2585 publice,
991 2495 1049 2564 uel
1064 2495 1139 2564 oi'co
1156 2494 1249 2581 dupli
1263 2493 1391 2563 stromi

218 2611 322 2705 idest,
345 2612 515 2706 Parisius,
542 2613 579 2685 iu
605 2619 771 2686 contrata
798 2612 860 2685 ubi
888 2613 1061 2708 leguntur
1086 2632 1215 2685 omnes
1232 2610 1393 2685 scientim

219 2738 256 2805 et
280 2739 388 2825 artes,
415 2753 499 2825 quae
525 2732 729 2826 appellatur
755 2732 857 2805 vicus
877 2732 1109 2824 straminum,
1129 2732 1215 2824 quia
1235 2730 1283 2803 ibi
1301 2749 1393 2802 ven·

216 2849 355 2924 duntur
388 2852 500 2925 etiam
536 2852 711 2925 stramina
746 2852 840 2924 sicut
874 2851 1027 2945 soenum,
1053 2853 1157 2945 palea
1184 2857 1265 2941 etc,
1292 2850 1389 2920 sitlo-

215 2963 333 3064 pizzd,
362 2971 464 3064 idest,
490 2971 697 3066 disputavit,
723 2974 887 3045 invidiosi
912 2973 998 3060 ueri,
1025 2970 1126 3063 idest,
1154 2969 1275 3044 felices
1294 2968 1392 3042 veri·

216 3095 307 3165 tates
333 3090 543 3183 relinquens
570 3090 728 3164 fallacias
755 3091 950 3186 logicales:
981 3089 1181 3162 invidiosus
1211 3088 1308 3161 enim
1338 3093 1393 3160 est

217 3208 274 3282 ille
290 3210 351 3283 cui
374 3211 556 3285 invidetur
581 3219 731 3305 propter
752 3231 857 3283 suam
880 3210 1110 3285 felicitatem:
1129 3215 1166 3282 et
1183 3209 1235 3283 sic
1252 3208 1395 3303 capitur

219 3328 252 3401 iu
273 3329 370 3403 bona
395 3337 521 3424 parte3
539 3330 682 3403 invidus
703 3350 792 3404 vero
810 3336 866 3403 est
883 3329 943 3403 ille
966 3329 1029 3422 qui
1048 3328 1185 3402 invidet
1209 3328 1334 3421 alteri3
1357 3335 1394 3401 et

220 3447 269 3520 sic
299 3449 443 3543 capitur
476 3450 512 3523 in
548 3450 644 3523 mala
671 3456 784 3544 parte.
800 3450 952 3521 -Indi
980 3449 1044 3521 llic
1070 3453 1180 3521 autor
1206 3446 1393 3540 descriptis

220 3573 257 3641 et
282 3569 517 3644 manifestatis
541 3570 735 3643 duodecim
763 3569 945 3663 spiritibus
964 3568 1149 3662 praeclaris
1169 3568 1394 3642 constituen-

223 3687 318 3762 tibus
344 3689 443 3762 illam
476 3679 654 3780 caraml⁸l
682 3709 870 3781 coronam,
902 3709 999 3762 nunc
1029 3688 1201 3762 describit
1234 3688 1393 3762 reditum

220 3807 367 3881 illarum
382 3801 418 3900 (ὖ)
446 3810 655 3884 animarum
682 3809 728 3883 ad
754 3809 915 3903 primum
941 3817 1083 3882 motum
1103 3816 1140 3882 et
1157 3817 1306 3882 cantum
1330 3829 1396 3902 per

219 3927 529 4022 comparationem
556 3929 722 4022 pulcram
750 3935 787 4002 et
813 3928 998 4023 propriam
1026 3927 1302 4022 horologiorum
1331 3948 1396 4000 ve-

222 4045 349 4119 lociter
375 4067 415 4120 se
441 4048 670 4121 moventium
697 4053 733 4121 et
758 4047 914 4121 dulciter
932 4047 1152 4121 sonantium.
1175 4046 1265 4119 llicit
1286 4066 1395 4140 ergo:

220 4163 347 4237 ordina
373 4165 425 4239 sic
450 4166 614 4240 literam:
634 4168 726 4256 ludi,
748 4167 894 4260 scilicet,
916 4174 997 4260 post
1019 4187 1228 4241 sermonem
1248 4167 1397 4239 Thomae

220 4283 267 4356 de
292 4285 448 4379 Aquino,
476 4290 592 4360 vid'io
617 4290 654 4360 la
679 4290 838 4378 pluriora
864 4296 959 4377 rota,
986 4287 1086 4380 idest,
1113 4307 1289 4361 coronam
1317 4288 1396 4362 illo·

281 4514 310 4576 Ρ)
326 4517 357 4565 Ε.
373 4517 443 4567 enlm
461 4519 509 4569 iste
525 4519 595 4570 lecit.

279 4592 308 4652 ς’)
324 4593 355 4644 B.
371 4593 455 4644 multa
472 4597 587 4658 proludit
602 4603 629 4648 ct
644 4611 722 4661 supra
738 4598 883 4648 humanum
899 4599 1059 4649 intellectum
1076 4597 1186 4659 scripsit,
1203 4596 1261 4646 ideo
1279 4595 1351 4646 bena.

283 4668 310 4730 (¹)
327 4669 357 4719 E.
375 4670 514 4723 loicalibur.
703 4673 730 4734 (¹)
746 4674 777 4726 lt.
794 4674 901 4724 claram.
1089 4672 1116 4735 (¹)
1134 4672 1164 4722 E.
1180 4672 1299 4723 aliarum.
